2966 4990
154 409 156 414 .
179 367 224 434 ῃ
385 325 391 338 ’
660 352 839 441 (lllsllp.

190 528 306 628 ψρχῆς
330 529 372 599 ἱο..
390 524 709 628 eius—philosophia
732 528 847 601 locum
871 525 1011 597 omuino
1032 521 1162 592 lrabeat
1186 521 1331 610 nnllam,

190 627 263 710 Sed
287 633 403 725 plures
419 632 528 702 etiam
559 629 780 727 dlllicnltatcs
810 628 977 712 oriantur,
1016 626 1043 698 si
1069 625 1114 694 ml
1140 625 1251 715 ipsum
1277 625 1334 693 lo—

183 759 271 810 cum
303 742 449 826 spectes,
479 733 516 800 in
540 753 617 821 ¹qno
650 731 820 823 Diogenes
851 728 1073 820 principalem
1104 727 1200 797 istam
1232 726 1335 796 animi
1443 763 1446 772 ·

191 838 259 908 vim
282 836 469 905 collocasse
494 834 647 906 traditur.
688 834 776 901 Nam
801 854 904 921 qnam
930 831 1011 900 dicit
1026 829 1231 900 Placiturrrm
1250 829 1336 899 suri-
1449 835 1450 838 ’

160 981 162 986 ,
190 931 271 1034 ptor
295 932 363 1034 τήν
389 928 612 1034 αίρτηριακην
637 933 778 1007 κοιλίαν
809 935 873 1031 τῆς
903 930 1073 1028 καρδίας,
1105 931 1198 1000 haud
1228 932 1336 1001 aliurn
1450 933 1451 938 ’

150 1103 159 1120 ,
191 1045 226 1112 in
248 1038 358 1112 corde
382 1039 490 1108 sinum
516 1037 699 1130 significat,
731 1059 835 1126 qnam
858 1036 1036 1123 sinistrum
1062 1033 1179 1116 cordis
1202 1033 1336 1102 uentri-

137 1185 142 1192 ·
191 1142 328 1228 culum,
362 1141 437 1224 vel,
471 1141 499 1207 si
524 1162 603 1210 curn
633 1138 816 1207 Aristotele
848 1147 916 1206 tres
949 1138 1037 1204 sinus
1070 1135 1104 1204 in
1135 1135 1241 1206 corde
1266 1158 1338 1206 osse

192 1253 333 1328 statuas,
358 1241 527 1326 mediam,
551 1243 586 1308 in
612 1263 715 1330 quem
738 1239 858 1312 arteria
880 1239 986 1308 tendit
1013 1248 1118 1306 aorta.
1170 1237 1339 1326 Loquitur

171 1345 282 1416 'enim
304 1342 398 1416 haud
418 1343 528 1411 ,dubie
547 1344 754 1413 Placitorum
774 1342 921 1431 scriptor
942 1363 983 1409 ex
1002 1341 1052 1408 sui
1078 1341 1242 1433 temporis
1264 1362 1338 1422 usn,
1454 1331 1455 1342 ¹

195 1469 265 1536 quo
280 1445 563 1538 iamlarteriaram
583 1466 625 1514 ac
646 1465 806 1512 venarum
823 1443 995 1511 diversitas
1016 1444 1123 1533 vulgo
1143 1451 1223 1511 nota
1244 1451 1340 1509 esset.

195 1546 291 1634 Quid
319 1548 427 1634 enim,
460 1569 606 1636 quaeso,
639 1545 814 1614 hocloco
844 1546 999 1612 arteriam
1028 1568 1184 1634 asperam
1209 1543 1341 1624 dixerit,

109 1635 113 1638 ’
194 1672 298 1740 quarn
318 1648 521 1738 antiquiores
536 1649 611 1718 solo
628 1643 803 1744 ἀρτηρίας
819 1647 953 1715 nomine
971 1649 1147 1738 appellare
1163 1645 1342 1715 solebant?

195 1751 301 1840 Atqui
315 1750 349 1818 in
363 1751 449 1819 notis
463 1751 509 1818 ad
527 1752 650 1844 fragm.
665 1749 730 1817 vll
745 1759 1044 1819 commemoratum
1065 1759 1124 1834 est,
1149 1750 1344 1840 Diogenem

196 1873 252 1921 eas
273 1861 401 1922 tantum
422 1875 552 1938 venas,
565 1876 654 1942 quae
674 1852 709 1919 in
723 1853 893 1920 sinistram.
905 1852 1058 1942 corporis
1077 1861 1211 1944 partem
1235 1850 1343 1942 perti·-

196 1962 330 2036 nerent,
357 1976 399 2020 ex
412 1965 508 2021 aorta
529 1954 708 2043 provenire
728 1954 895 2040 statuisse:
921 1977 963 2022 er
985 1975 1054 2042 quo
1078 1957 1267 2022 necessario
1288 1975 1353 2020 ses

196 2063 372 2143 queretur,
398 2054 488 2124 hano
507 2055 607 2122 etiarn
626 2053 734 2123 solam
759 2055 893 2124 rationis
916 2077 987 2123 esse
1010 2055 1231 2148 participem,
1258 2055 1344 2122 dex-

197 2165 283 2223 tram
299 2164 416 2224 contra
431 2166 614 2246 expertem.
641 2237 642 2244 q
665 2156 769 2240 Quod
786 2180 886 2227 nemo
908 2181 1023 2246 sanus,
1049 2158 1191 2250 opinor,
1218 2158 1346 2226 allio·

197 2279 286 2349 gene
295 2257 421 2326 dictum
433 2281 504 2324 esse
519 2255 696 2332 concedet.
725 2259 796 2328 Sed
804 2281 856 2326 res
870 2259 958 2327 haec
968 2259 1100 2327 ridetur
1116 2261 1226 2330 faisse.
1255 2261 1346 2328 Dio·

197 2382 302 2452 genes
318 2366 429 2427 aerem
445 2359 536 2428 venis
553 2355 714 2430 contineri
730 2360 824 2442 dixu,
849 2369 952 2448 atque
971 2362 1038 2428 hae
1055 2363 1192 2450 quidem
1208 2383 1250 2428 ex
1269 2362 1344 2428 eius

199 2462 360 2530 sententia
381 2471 457 2530 sunt
470 2462 619 2554 propria
638 2461 721 2530 allrls
742 2462 776 2529 in
798 2469 944 2552 corpore
964 2464 1195 2555 receptacula,
1220 2463 1344 2551 quibus

199 2585 306 2650 quarn
326 2564 384 2631 ille
402 2566 598 2648 excesserit,
626 2563 737 2632 evenit
760 2586 851 2632 mors
879 2563 964 2656 (vicl.
980 2586 1010 2634 c.
1025 2565 1114 2657 52).
1150 2566 1259 2635 Venas
1278 2586 1344 2631 aa-

199 2675 268 2732 tem
294 2687 429 2751 omnes,
461 2665 593 2734 dextras
616 2689 637 2733 a
662 2689 748 2733 rena
767 2689 869 2748 cava,
902 2666 1043 2736 sinistras
1065 2669 1110 2736 ab
1136 2677 1232 2736 aorta
1255 2667 1345 2734 exire

201 2789 277 2835 eum
293 2768 510 2852 existimasse,
537 2776 714 2857 utramque
730 2790 813 2843 vero
834 2789 962 2859 magno
985 2771 1082 2838 ctiam
1099 2793 1195 2838 ramo
1219 2770 1264 2838 ad
1285 2785 1355 2838 cor'

142 2925 147 2934 .
199 2877 335 2957 patere,
362 2889 403 2935 ex
418 2869 458 2939 fr.
473 2869 542 2935 Vll
555 2869 670 2957 liquet.
721 2870 807 2936 Item
829 2876 958 2955 a‘e'rem,
985 2872 1220 2960 quitationem
1237 2871 1346 2940 conti-

200 2974 295 3049 neat,
322 2967 521 3037 extrinsecus
538 2970 572 3035 in
588 2989 712 3061 oorpns
727 2970 833 3060 recipi
849 2972 1063 3064 respirando,
1088 2997 1188 3066 supra
1202 2976 1347 3042 ‹lemon-

200 3075 337 3136 stratum
355 3077 421 3152 est,
449 3077 482 3138 et
498 3069 618 3138 clarius
634 3073 733 3138 etlam
755 3072 842 3141 infra
860 3077 1037 3165 apparebit
1054 3077 1146 3166 (cap.
1162 3073 1247 3168 75].·
1269 3077 1347 3160 Qua

200 3175 282 3238 v‘ero
303 3169 433 3242 ratione
453 3181 511 3240 aut
525 3172 579 3241 via
600 3177 657 3240 aer
671 3173 730 3242 ille
749 3175 784 3241 in
798 3197 898 3243 venas
917 3187 1088 3267 penetret,
1112 3173 1256 3248 relatum
1278 3199 1347 3245 non

201 3279 267 3354 ρας
291 3273 352 3344 sed
371 3296 475 3364 qnam
489 3297 605 3344 omnes
620 3275 693 3345 fere
711 3277 920 3368 insequentes
936 3279 1137 3374 physiologi
1156 3277 1188 3373 1]
1206 3280 1346 3350 forami-

197 3464 403 3478 -0—-n—

270 3587 302 3657 1)
320 3591 359 3643 Λᾶ
376 3592 463 3645 rolnrn
482 3592 590 3648 Aristot.
608 3609 740 3662 provocor
766 3594 795 3649 lr.
812 3609 838 3648 a.
855 3593 891 3658 1,
909 3591 959 3658 14,
975 3593 1002 3646 2.
1026 3593 1079 3650 ier
1098 3594 1129 3650 tl
1164 3593 1223 3662 cor)
1239 3590 1347 3653 noellae

202 3657 291 3740 τρεῖς.
316 3653 408 3724 ὥσπερ
432 3660 554 3727 είρηται·
579 3664 709 3730 μεγίστην
732 3657 784 3728 μίν
807 3660 859 3727 κήν
876 3659 905 3716 ἐν
923 3668 984 3726 τοῖς
1009 3615 1125 3730 δεξιοῖς,
1155 3661 1296 3732 ἐλαχίστην
1314 3659 1347 3716 tt

167 3735 173 3742 '
203 3720 567 3794 metuendumque,
592 3729 679 3798 μέσην
701 3726 731 3783 tt
748 3727 860 3797 μεγέθει
885 3730 936 3800 κήκ
956 3729 986 3786 ἐκ
1004 3739 1065 3794 τοῖς
1084 3728 1140 3786 duci
1157 3731 1251 3798 μέσον.
1286 3729 1348 3787 καί

204 3791 366 3879 ‘misti‘
383 3795 445 3846 τὸν
465 3795 663 3861 Μέὕμῠνα
680 3796 897 3865 vescuntur
915 3804 1027 3856 πᾶααι
1064 3797 1227 3868 ἀμφοτέρας
1245 3797 1277 3852 at
1294 3796 1349 3869 ἔχει

203 3863 255 3924 *ἂν
272 3862 325 3915 0²⁴⁰
343 3859 447 3928 panone
464 3864 512 3918 wi
536 3866 575 3925 tls
598 3863 648 3919 κᾶν
674 3862 821 3932 πνεύμονα
843 3869 1010 3937 τετρημένος
1036 3867 1154 3932 ἁπάσας.
1188 3865 1349 3932 κατόίδηῑον

205 3927 237 3986 tl
254 3929 326 3985 κακαὶ
343 3931 412 3996 μίαν
429 3933 485 3984 τοῖν
502 3935 618 3987 κοιλιοῒν
636 3932 765 3989 κάτωθεν
782 3933 813 3990 ia
830 3939 879 4002 tric
896 3936 1086 4004 ιιροςφιίοεως.
1112 3941 1145 3991 Et
1160 3937 1253 4006 paullo
1271 3937 1349 3990 inter.

204 4004 229 4065 δ.
247 3999 274 4052 ὃ.
300 3997 421 4068 φίρονσι
437 3996 469 4054 δὲ
486 3999 534 4055 καί
551 4000 590 4062 ela
606 3998 657 4056 τίν
674 4002 818 4069 πνεύμονα
841 4004 927 4072 πόροι
951 4003 1006 4061 αίιιὸ
1032 4008 1233 4074 aquaemolas·

204 4063 298 4130 millis
316 4068 346 4140 δ’
364 4067 422 4123 ἔστί
434 4068 533 4132 'mltis
549 4066 654 4138 πόρον,
679 4069 748 4128 ἀλλὰ
767 4071 815 4128 διαί
831 4069 882 4142 κήκ
900 4073 1024 4138 sianum
1042 4075 1171 4143 δέχονται
1188 4071 1221 4128 ri
1239 4074 1351 4139 πνεῦμα

158 4171 164 4186 ·
205 4135 251 4222 καί
269 4139 305 4206 τῇ
321 4138 425 4224 καρδίᾳ
443 4139 821 4226 διαιρὲμποναι.,φέρειγιίρ
841 4140 856 4197 ὁ
876 4140 926 4206 μὲν
944 4145 982 4205 ela
1001 4143 1033 4196 τί
1058 4139 1149 4228 ,δεξιὼ
1175 4148 1270 4197 κοῖλον
1293 4143 1350 4194 τῶν

207 4207 393 4339 racana
408 4209 462 4342 :e
479 4211 851 4347 zuleimen
866 4212 916 4349 l,
929 4215 1135 4356 usim
1150 4205 1349 4349 enum
