2942 4996
382 439 482 523 cnr.
502 463 554 526 aa.
577 441 1033 536 elocutionemque.
1239 455 1312 554 n,

130 627 204 700 coi
244 628 366 725 ψυχή
406 633 507 704 iore
544 629 621 703 καὶ
652 627 828 731 νόησις,
873 632 925 716 n‘c
958 614 1204 732 tectiores
1238 647 1282 716 ir
1361 663 1369 682 ·

129 729 237 825 τῇδε
262 730 317 826 τῇ
342 732 585 831 συγγραφῇ
615 735 864 828 ἐμφανέως.
915 738 1009 810 Καὶ
1035 733 1114 811 icio
1139 743 1281 816 codro

130 827 434 1006 pinpltoxdp',
481 830 776 939 ἀποθνήσκει
816 836 946 934 καὶὴ
985 834 1140 938 νόησις
1173 845 1300 930 reci

160 957 291 1005 arnan
655 969 658 976 ·

128 1113 246 1194 apertat,
264 1143 317 1193 qua
333 1125 463 1194 vivimus,
479 1127 611 1198 νόησις
627 1148 689 1185 con·
722 1134 760 1206 τῇ
783 1137 947 1218 συγγραφῇ)
977 1136 1085 1206 opponit
1109 1137 1224 1194 eliorum
1246 1141 1282 1196 li-

128 1199 171 1248 na
187 1197 222 1247 ad
238 1196 408 1264 rationalem,
433 1199 467 1252 ad
484 1205 612 1268 mentem,
636 1217 689 1269 quo
722 1201 793 1268 brie,
814 1222 842 1256 m
860 1207 955 1272 quibus
972 1205 1014 1270 id,
1037 1208 1105 1274 quod
1124 1208 1203 1272 dicit,
1228 1226 1283 1264 noa

129 1262 287 1331 cogitamus.
721 1271 868 1338 expositum
884 1282 960 1344 erate
972 1273 999 1326 in
1016 1291 1138 1342 quaeum
1154 1277 1208 1329 iam
1219 1295 1282 1346 per-

163 1326 208 1394 ὥς
234 1330 443 1400 δεδήλωται
468 1362 503 1375 -
529 1331 688 1404 ἕμφανὲ-
720 1341 818 1394 lectum
835 1347 862 1394 et
878 1343 1029 1395 absolutum
1052 1359 1117 1410 opor
1139 1362 1217 1398 nuum
1234 1362 1280 1400 eo-

128 1402 192 1467 me]
225 1400 383 1456 Schleierm.
401 1421 428 1469 p.
447 1401 490 1456 82.
514 1404 567 1456 wia
582 1405 642 1458 hier
659 1405 686 1457 in
719 1407 818 1476 gitasse
834 1409 938 1474 animo,
958 1410 999 1462 rei
1015 1417 1214 1465 cousentaneum
1232 1419 1304 1475 aen*

127 1469 213 1523 dieser
229 1469 332 1523 Schrilt
346 1487 417 1539 ganz
440 1472 557 1524 deutlich
578 1475 687 1542 gezcigt
720 1475 791 1528 iiiuc
815 1476 976 1546 δεδήλωται.
1001 1507 1037 1516 -
1062 1477 1159 1546 Simpl.
1185 1479 1279 1549 ἐμφα-

127 1537 202 1590 mr'rd.
232 1538 267 1590 At
284 1538 362 1590 dicit:
388 1538 558 1606 δεδήληται,
582 1543 688 1593 demon·
721 1543 789 1604 φῶς.

126 1610 240 1658 circium
258 1614 326 1669 est,
342 1612 371 1658 ut
387 1609 420 1659 de
436 1621 466 1659 re
491 1609 548 1660 iam
570 1618 687 1674 peracta.
755 1609 816 1665 acl
834 1607 896 1666 ἐὰν
913 1613 1020 1667 rorico
1034 1641 1069 1651 -
1086 1608 1279 1686 lectrices]

123 1673 170 1736 ,Ol
190 1674 260 1725 Ptot.
279 1671 384 1726 Phileb.
400 1693 427 1743 p.
444 1673 488 1728 30.
505 1679 539 1729 D.
564 1679 642 1728 Arist.
660 1677 686 1730 d.
720 1679 749 1731 lc.
767 1696 791 1735 e.
817 1687 843 1732 ct
866 1682 968 1748 quoodo
992 1681 1060 1733 orirr'o
1082 1699 1131 1736 ocu
1145 1685 1281 1751 prohibito

127 1746 196 1808 part.
212 1739 388 1805 natm.o,1o.
406 1761 431 1811 p.
441 1743 503 1796 534.
514 1745 554 1796 ed.
568 1743 686 1798 Dullall.
719 1752 796 1808 cont,
813 1749 959 1800 moriuntur
977 1756 1002 1802 ct
1019 1750 1091 1802 ratio
1107 1752 1166 1820 ipro
1184 1754 1281 1821 deficit,

127 1809 163 1862 At
178 1807 208 1860 in
230 1809 281 1871 iis,
302 1825 371 1874 quae
397 1811 431 1862 ad
454 1812 524 1863 huuc
548 1811 637 1864 locum
657 1809 686 1863 iu
719 1813 821 1866 colione
836 1815 985 1882 privantur.

126 1876 256 1944 Diogenis
272 1876 341 1929 libro
355 1877 473 1944 exposita
489 1885 573 1945 erent,
589 1881 686 1930 horum
753 1881 811 1936 uui
829 1877 919 1937 oded
936 1880 1003 1947 μὲν
1019 1885 1148 1970 corito]
1165 1887 1218 1942 lroc
1229 1906 1278 1944 ,ro-

126 1945 197 1999 oihil
213 1946 418 1998 demonstratum
435 1963 491 1999 aare
507 1947 604 2013 potuit.
632 1946 685 2000 Sed
718 1965 779 2009 rum
799 1949 973 2018 principium,
999 1953 1077 2018 quale
1093 1953 1121 2008 iu
1137 1953 1188 2020 cir,
1211 1971 1284 2028 qnae,

127 2025 204 2069 ruam
219 2015 272 2066 lroc
287 2013 347 2066 loco
362 2014 520 2082 scripturam
544 2012 594 2082 (ἐν
616 2016 685 2086 cp‘da
717 2025 927 2085 praecesserunt,
944 2017 1088 2088 descripsit.

231 2304 316 2395 Cap.
334 2303 394 2372 37.
420 2297 621 2396 Hucusque
646 2309 701 2378 vix
727 2310 894 2380 dubitatio
921 2308 966 2377 de
991 2308 1076 2378 serie
1101 2309 1278 2402 fragmen·

127 2413 239 2474 torum
265 2408 494 2475 constituenda
520 2410 599 2477 oriri
623 2413 745 2502 potuit,
770 2435 885 2501 quum,
912 2412 1094 2476 sitentium
1119 2412 1276 2500 excipias,

128 2508 184 2578 oui
206 2509 270 2598 ipsi
297 2508 411 2578 locum
444 2532 540 2577 suum
573 2513 843 2601 assignavimus,
861 2508 1055 2598 Simplicius
1087 2531 1149 2577 uos
1183 2512 1277 2600 quasi

127 2611 198 2678 dux
224 2611 381 2698 praeiret,
406 2615 713 2697 rectamque'viam
739 2619 946 2678 morutraret.
981 2609 1052 2677 Sed
1068 2610 1102 2675 in
1120 2632 1162 2678 eo
1178 2613 1276 2705 frag-
1370 2663 1373 2671 .

125 2722 258 2793 mento,
295 2709 390 2798 quod
415 2711 482 2778 iam
507 2713 672 2798 sequitur,
704 2711 804 2778 huius
830 2709 953 2777 auxilio
979 2710 1128 2779 destituti
1153 2736 1274 2782 sumus.

126 2811 240 2882 Affert
272 2812 361 2876 enirn
392 2809 486 2878 hunc
510 2813 674 2902 Diogenis
699 2814 814 2880 locum
838 2811 1032 2902 Simplicius
1058 2822 1151 2880 extra
1179 2817 1274 2882 ordi-

126 2935 205 2980 nem
231 2912 383 2993 aliorum,
405 2920 584 3002 postquam
610 2915 739 3002 reliqua
763 2913 831 2982 iam
857 2915 970 2991 omnia
995 2917 1182 3005 proposuit,
1209 2940 1285 2986 una.

128 3036 207 3084 oum
240 3013 432 3104 fragmento
458 3013 525 3102 111,
559 3016 617 3082 ubi
650 3018 719 3083 eius
744 3017 848 3084 verba
875 3017 1030 3106 apposita
1055 3027 1139 3084 sunt.
1191 3019 1271 3087 vid.

129 3138 207 3206 cap.
234 3113 294 3182 32.
348 3115 445 3199 Quae
477 3137 558 3184 vero
591 3139 647 3184 me
680 3127 872 3203 moverunt,
907 3128 944 3184 ut
977 3117 1048 3186 hoc
1077 3119 1159 3188 loco
1193 3144 1273 3190 eum

128 3217 384 3299 collocaverim,
423 3217 511 3286 haec
537 3227 620 3286 sunt.
672 3218 857 3288 Manifesto
882 3220 970 3286 euim
996 3219 1145 3306 loquitur
1169 3222 1203 3288 in
1230 3243 1285 3289 eo-

127 3320 172 3388 dc
196 3327 310 3389 'rerum
336 3319 519 3408 principio,
551 3319 611 3386 sed
637 3320 703 3402 ita,
739 3329 777 3388 ut
801 3319 904 3388 facile
923 3341 966 3386 ex
989 3320 1090 3388 totius
1114 3321 1182 3388 loci
1207 3321 1274 3387 ha-

126 3423 200 3492 bitu
236 3429 417 3511 appareat,
449 3442 527 3487 eum
561 3419 710 3486 nondum
737 3419 921 3504 definiisse,
956 3421 1056 3506 quale
1080 3420 1117 3487 id
1143 3423 1199 3500 eit;
1239 3430 1275 3490 et

126 3524 221 3613 quod
247 3523 440 3612 Simplicius
465 3520 645 3611 adipsum
670 3521 738 3588 iarn
763 3528 875 3590 alitem
901 3519 994 3590 hunc
1019 3519 1133 3590 locum
1159 3521 1274 3608 refert,

126 3626 162 3692 id
197 3626 290 3693 haud
328 3624 432 3693 dubie
461 3623 561 3705 iecit,
600 3622 694 3711 quod
729 3631 800 3690 tum
840 3623 977 3690 demum
1011 3621 1098 3692 haec
1130 3625 1271 3713 profert,

128 3749 232 3814 quum
257 3735 369 3796 adrem
396 3749 465 3795 esse
492 3750 511 3792 e
529 3723 693 3815 Diogenis
714 3724 873 3792 sententia
893 3724 1098 3814 principium
1116 3723 1184 3793 iam
1208 3727 1272 3794 de-

128 3837 349 3896 monstrasset.
400 3827 472 3895 Sed
505 3828 561 3894 vel
596 3836 751 3893 neutrum
784 3827 992 3917 pronominis
1027 3846 1153 3918 genus,
1200 3845 1270 3914 quo

127 3929 247 4010 utitur,
274 3927 408 3998 abunde
433 3928 589 4015 ostendit,
614 3927 805 4018 Diogenem
830 3927 980 3996 nondum
1006 3931 1118 3997 a'e‘rem
1144 3925 1268 3997 dicere.
1281 3987 1290 4006 i,

128 4028 233 4099 Unde
259 4027 402 4095 dubitari
427 4032 558 4119 nequit,
594 4030 673 4117 quin
700 4029 758 4102 hic
782 4029 877 4098 locus
901 4029 1119 4120 praecesserit
1142 4026 1183 4092 ir.
1210 4023 1284 4094 Vl*

127 4129 262 4200 Deinde
283 4150 364 4196 rero
391 4131 489 4196 etiam
515 4153 555 4199 ex
573 4131 649 4220 ipso
671 4132 741 4198 eius
758 4141 969 4222 argumento,
995 4135 1073 4216 post
1097 4127 1281 4216 fragmen·

127 4245 201 4318 tum
225 4229 277 4298 lV
302 4251 380 4297 eum
406 4230 643 4301 collocandum
670 4255 759 4318 esse,
799 4232 1027 4302 demonstrare
1062 4247 1163 4318 posse
1186 4227 1271 4296 mihi

129 4335 262 4420 videor,
287 4332 444 4402 sedtum
470 4331 617 4422 demum,
639 4356 755 4422 quum,
780 4334 864 4424 quid
888 4329 1061 4420 Diogenes
1086 4325 1187 4418 dieat,
1210 4352 1271 4400 oc·

984 4442 1051 4514 4*
