2966 4990
230 403 294 465 114
668 391 774 456 MP·
796 395 848 458 ot.
869 395 921 457 68.

220 561 464 646 Δὀοινιιι·ειιῐίιι·,
494 561 540 628 ita
561 568 599 628 ut
628 581 787 649 quaeque
809 581 924 628 earum
953 557 1206 629 convenientem
1233 565 1380 625 naturae

231 690 312 738 suae
331 667 445 734 locum
461 672 578 753 petere
598 671 729 751 posset,
752 663 959 752 superiorem
975 661 1118 745 leviora,
1141 659 1297 748 graviora
1319 660 1379 724 in-

231 770 398 838 feriorem.
448 764 653 854 Ubicunque
671 774 781 833 autem
798 764 992 850 accidebat,
1018 770 1056 842 ut
1069 759 1177 829 maior
1196 763 1303 828 moles
1317 759 1378 828 le-

163 878 167 888 '
231 872 362 937 riorum
383 888 566 957 corporum
589 867 755 934 minorem
773 867 968 958 graviorum
984 861 1232 932 multitudinem
1251 863 1377 954 cinge-

224 980 301 1054 ret,
327 969 454 1037 maiore
472 968 560 1038 haec
589 969 724 1036 illorum
748 968 782 1036 vi
805 969 948 1056 abrepta
983 965 1268 1055 prohibebantur,
1300 985 1375 1051 quo

222 1072 337 1139 'minus
349 1079 502 1138 naturam
515 1093 609 1137 suam
623 1078 837 1157 sequerentur
853 1071 888 1136 in
899 1069 1124 1155 inferioraque
1137 1065 1217 1136 loca
1230 1065 1375 1134 decide·
1417 1079 1422 1088 '

230 1183 320 1241 rent:
359 1171 449 1239 unde
486 1171 611 1261 passim
639 1171 811 1262 graviores
839 1172 926 1237 adeo
950 1191 1080 1235 massae
1107 1173 1184 1236 abre
1212 1167 1373 1235 sublimes

231 1275 513 1364 circumaguntur.
573 1274 693 1361 Neque
717 1273 761 1338 ab
792 1273 896 1339 altera
915 1281 1012 1366 parte
1038 1269 1110 1337 fieri
1136 1269 1264 1359 potuit,
1289 1271 1372 1356 quin

228 1375 289 1444 bic
310 1373 380 1442 illic
396 1373 537 1441 leviores
550 1366 878 1464 particulaemaiore
891 1375 1086 1463 graviorum
1109 1369 1320 1438 multitudine
1336 1379 1373 1437 et

230 1477 264 1542 ri
286 1484 463 1564 superatne
486 1473 643 1542 deorsum
668 1471 879 1542 traherentur
902 1496 1089 1560 eorumque
1112 1473 1327 1543 concretione
1350 1495 1372 1539 a

225 1576 478 1645 'sublimioribus
498 1575 798 1666 intercluderentur
827 1576 1038 1666 regionibus:
1071 1597 1159 1662 quae
1186 1583 1371 1656 causaest,

231 1699 291 1748 cur
306 1686 425 1769 postea
445 1678 545 1744 etiam
571 1685 660 1745 terra
682 1685 716 1744 et
738 1700 826 1766 aqua
845 1683 977 1762 adrem,
1009 1677 1125 1767 ignem
1153 1675 1371 1764 eiusdemque

229 1779 362 1871 generis
376 1779 442 1845 alia
457 1779 709 1870 complectatur.
761 1778 834 1846 lam
853 1793 935 1846 vero
948 1801 1053 1869 quum
1065 1778 1139 1867 ipsa
1152 1799 1266 1844 rerum
1283 1777 1371 1844 den-

226 1882 307 1946 'sitas
320 1888 438 1947 natura
462 1903 520 1947 sua
539 1881 679 1948 liberam
700 1881 858 1948 movendi
878 1881 1072 1950 facultatem
1094 1879 1272 1969 impediat;
1299 1899 1370 1966 quo

227 1980 337 2070 magis
359 1981 550 2050 densiorum
569 2004 681 2049 rerum
694 1983 780 2050 inter
794 2005 830 2049 se
843 1983 1111 2052 concurrentium
1131 1981 1240 2049 moles
1260 2003 1370 2071 auge-

227 2083 343 2164 batur,
360 2104 402 2148 eo
416 2081 599 2150 tardiorem
615 2105 728 2150 earum
744 2084 843 2152 fuisse
857 2093 1003 2168 motum,
1022 2083 1236 2174 intelligitur,
1262 2105 1371 2170 usque

228 2181 311 2250 dum
334 2183 369 2248 in
389 2183 465 2272 ipso
488 2183 603 2251 medio
622 2185 739 2252 mundi
767 2185 997 2268 consisterent,
1029 2193 1219 2272 terramque
1244 2183 1370 2253 consti·

224 2277 367 2351 tuerent.
418 2283 563 2352 coelum
579 2308 677 2369 vero,
703 2286 884 2354 levioribus
897 2310 938 2357 ao
953 2286 1177 2355 subtilioribus
1198 2285 1371 2376 particulis
1458 2313 1459 2330 ι

228 2393 401 2469 constans,
428 2386 530 2452 etiam
554 2409 643 2460 nunc
670 2387 755 2455 orbe
781 2389 967 2480 circumagi
992 2388 1123 2480 pergit,
1156 2409 1260 2475 quum
1280 2387 1370 2456 nibil

226 2488 286 2568 sit,
312 2507 382 2574 quo
403 2484 472 2554 eius
489 2487 598 2556 motus
624 2488 838 2577 impediatur.
887 2491 1002 2579 Atque
1019 2490 1107 2559 baec
1127 2489 1264 2577 quidem
1280 2498 1369 2575 sunt,

224 2599 314 2675 quae
338 2588 560 2677 probabiliter
588 2589 633 2658 de
656 2589 725 2659 bac
744 2613 782 2658 re
808 2589 876 2659 dici
894 2613 995 2682 posse
1019 2591 1182 2663 videntur.

328 2754 414 2845 Cap.
441 2755 501 2830 68.
561 2758 692 2842 Quibus
723 2766 836 2828 tamen
867 2760 1013 2838 motibus
1038 2768 1165 2828 tantum
1192 2760 1302 2846 abest,
1328 2765 1369 2824 ut

224 2857 377 2925 omnium
406 2880 447 2927 ac
472 2859 679 2948 singularum
698 2882 810 2958 rorum
838 2862 1062 2930 conformatio
1088 2862 1241 2952 perfecta
1255 2867 1289 2928 et
1303 2859 1365 2924 ab·

223 2958 417 3041 uolutant,
454 2968 492 3025 ut
518 2960 667 3048 ipsorum
693 2983 761 3050 ope
786 2964 897 3051 prima
921 2971 1051 3031 tantum
1082 2962 1223 3031 universi
1248 2958 1366 3027 mundi

223 3057 442 3126 fundamenta
473 3061 561 3129 iacta
591 3084 661 3129 esse
692 3061 876 3134 videantur.
943 3065 1044 3132 Aliae
1070 3064 1207 3154 insuper
1232 3083 1365 3146 causae,

222 3158 310 3226 aliae
329 3160 415 3226 vires
440 3161 474 3228 in
498 3170 612 3251 partes
636 3163 810 3260 vocandae
838 3173 947 3252 erant,
971 3159 1099 3253 fquibus
1124 3164 1277 3256 singulae
1297 3183 1365 3245 res,

222 3260 420 3328 moderante
443 3262 590 3349 ratione,
615 3266 650 3334 in
674 3266 757 3333 lines
785 3287 862 3335 suos
887 3277 1106 3358 cogerentur,
1140 3266 1255 3335 alienis
1280 3285 1365 3355 par·
1455 3251 1456 3264 ¹

222 3362 310 3428 tibus
335 3361 571 3450 liberarentur,
596 3367 706 3435 forma
732 3390 773 3436 ac
791 3369 903 3460 figura
929 3359 1140 3453 ornarentur,
1166 3368 1283 3451 verbo,
1298 3365 1363 3433 ab·

222 3462 365 3532 solutam
391 3474 527 3534 naturae
552 3489 633 3536 suae
657 3471 901 3559 perfectionem
932 3473 1208 3541 nanciscerentur.
1265 3466 1363 3550 Quid

223 3571 432 3631 enatantem
457 3567 569 3651 aliud,
595 3571 689 3656 quod
711 3593 805 3646 eum,
831 3571 889 3658 qui
915 3573 1064 3640 omnium
1089 3592 1200 3640 rerum
1225 3573 1362 3635 aliream

223 3681 293 3726 esse
318 3671 468 3730 naturam
504 3671 667 3757 ponebat,
710 3672 744 3736 in
775 3671 843 3739 bac
868 3693 906 3739 re
930 3673 1095 3742 adhibere
1120 3670 1229 3763 magis
1255 3671 1361 3738 dece·

222 3761 296 3847 bat,
334 3784 436 3848 quam
462 3769 568 3835 omnis
598 3771 730 3861 generis
755 3771 886 3862 spiritus
910 3774 1146 3862 variorumque
1176 3773 1361 3840 humorum

220 3861 470 3932 exhalationes?
493 3867 547 3936 Ac
571 3892 609 3937 re
633 3893 713 3938 vera
727 3871 919 3964 Diogenem
944 3875 997 3944 bis
1021 3877 1122 3944 rebus
1147 3896 1245 3943 usum
1261 3871 1360 3939 vide-

219 3985 293 4033 mus
317 3968 353 4034 in
375 3973 465 4034 terra
488 3967 649 4070 fingenda
679 3972 908 4065 sideribusque
934 3976 962 4044 si
994 4000 1063 4045 non
1096 3972 1358 4059 conformandis,

218 4074 369 4137 atcerte
392 4069 581 4140 nutriendis.
635 4075 723 4143 Nam
748 4097 853 4164 quum
878 4076 1088 4148 Aristotelea
1118 4076 1301 4147 Meteorol.
1320 4072 1358 4157 2,

221 4163 255 4230 1.
283 4174 320 4238 οἱ
351 4169 389 4242 dd
415 4166 637 4272 σοφώτεροι,
670 4177 813 4264 inquiat,
848 4172 916 4274 τήν
950 4175 1187 4274 ἀνθρωπίνην
1222 4173 1365 4271 σοφίαν

221 4265 400 4356 (physicos
431 4273 557 4363 dicit3)
597 4277 764 4352 ποιοῦσιν
796 4275 909 4378 αὐτῆς
946 4275 1163 4377 (θαλάττης)
1197 4280 1356 4373 γένεσιν·
