2942 4996
194 397 238 462 aa
582 421 584 426 ·
635 377 736 462 oar.
756 391 808 460 aa.
830 376 883 460 io.

195 549 256 642 stoi
271 546 446 662 Διογένης
461 559 789 660 ν’Ἀπνλλωνιάτην
802 561 975 636 ὑπέθετο.
1029 559 1109 630 Hoc
1124 557 1218 630 idem
1240 551 1345 632 Cice·

194 671 291 740 ronis
304 670 449 757 denique
464 668 542 735 loco
558 667 665 734 inesse
679 666 811 756 videtur
825 663 859 732 d.
876 665 992 735 Natur.
1005 663 1110 732 Deor.
1128 662 1162 748 1,
1176 663 1221 732 2:
1247 666 1346 750 Quid

194 773 270 860 aer,
304 791 373 860 quo
397 770 569 861 Diogenes
591 769 823 860 Apolloniates
841 765 944 836 utitur
967 767 1053 853 deo,
1080 787 1184 857 quem
1208 785 1342 861 sensum

194 873 321 946 babere
334 880 446 965 potest
462 880 519 940 aot
533 892 635 960 quam
650 873 795 950 formam
810 869 890 938 dei?
917 905 963 920 -

209 1001 212 1092 J
295 1008 380 1100 Cap.
404 1008 465 1079 4⁰.
490 1009 563 1075 Iam
584 1031 688 1097 quum
707 1030 749 1076 ex
770 1005 895 1073 horum
920 1002 1068 1070 omnium
1085 1023 1244 1072 consensu
1262 1007 1342 1074 satis

194 1119 322 1184 certum
341 1109 401 1198 sit,
431 1118 542 1180 aerem
564 1135 635 1180 esse
654 1110 803 1202 Diogeni
821 1130 934 1176 rorum
949 1105 1094 1189 initium,
1119 1105 1223 1195 idque
1241 1107 1340 1200 frag·

192 1211 312 1296 mentis
334 1214 403 1282 eius
419 1214 648 1283 confirmetur:
675 1235 743 1280 non
763 1209 799 1278 id
814 1209 1061 1306 quaerendum,
1087 1219 1222 1278 rectene
1235 1207 1342 1281 Nico-

192 1316 315 1384 lenset
334 1317 545 1406 Porphyrius
566 1310 612 1389 ad
628 1305 813 1408 percidei
828 1312 1019 1395 tribuerint,
1046 1313 1153 1399 quam
1164 1312 1340 1402 explican-

192 1411 276 1486 dum
294 1419 424 1510 potius,
450 1441 519 1510 quo
543 1419 648 1486 modo
670 1419 704 1485 in
726 1425 859 1483 tantum
880 1436 1028 1483 errorem
1048 1413 1232 1486 inciderint.
1285 1417 1340 1484 Ab

191 1521 374 1588 Aristotele
390 1521 578 1598 exeundum
595 1530 653 1590 est.
687 1521 720 1591 ls
734 1519 822 1588 enim
838 1541 942 1607 quum
960 1516 1190 1608 compluribus
1203 1513 1339 1608 locis1)‚

191 1619 251 1694 ubi
278 1623 325 1690 de
353 1620 525 1714 principiis
554 1625 641 1716 agit,
675 1645 763 1712 quae
794 1621 992 1712 physiologi
1017 1618 1206 1711 posuerint,
1240 1619 1341 1689 inisse

190 1725 356 1815 quosdam
384 1717 493 1811 dicat,¹
527 1729 586 1815 qui
608 1725 757 1800 medium
781 1723 945 1814 quiddam
969 1722 1037 1789 sire
1060 1721 1146 1790 inter
1169 1723 1286 1814 ignem
1307 1732 1341 1791 et

190 1833 322 1911 aierem,
350 1828 418 1896 sire
439 1823 525 1896 inter
545 1836 659 1904 aerem
680 1839 712 1900 et
734 1850 857 1917 aquam
876 1825 1079 1905 statuissent3
1111 1825 1205 1892 nullo
1229 1836 1340 1895 tamen

190 1929 270 2000 loco
287 1931 482 2004 nominatim
499 1953 556 2002 eos
577 1940 829 2004 commemorat.
882 1929 936 1997 Ac
950 1922 1107 2018 profecto
1123 1927 1265 1998 difficile
1279 1939 1340 2014 est,

190 2031 282 2100 iniis
305 2029 541 2123 philosophis,
569 2053 714 2121 quorum
732 2027 849 2104 notitia
869 2040 997 2099 servata
1015 2039 1081 2114 cst,
1107 2025 1252 2099 invenire
1273 2031 1339 2098 ali-

189 2123 311 2230 quem,
352 2133 407 2203 cui
438 2134 506 2206 tale
538 2134 741 2225 principium
771 2133 914 2206 adscribi
946 2132 1017 2210 iure
1046 2132 1196 2228 quodam
1222 2135 1338 2226 possit.
1383 2191 1385 2198 .

192 2236 425 2332 Quamobrem
454 2237 522 2308 iam
552 2238 749 2336 interpretes
776 2235 980 2322 Aristotelis,
1013 2237 1071 2308 ubi
1093 2236 1138 2310 ad
1159 2238 1224 2310 hos
1244 2239 1339 2306 locos

190 2337 408 2428 explicandos
434 2350 631 2428 perventum
654 2348 719 2420 est,
746 2361 815 2428 quo
842 2331 1027 2422 vertantur,
1061 2339 1158 2406 anxie
1185 2338 1337 2427 haerent,

127 2523 130 2536 Ι
189 2443 386 2532 praesertim
408 2465 512 2532 quum
539 2444 650 2535 probe
671 2442 827 2526 sentiant,
861 2433 912 2508 ne¹
933 2440 1172 2509 Anaximandri
1200 2443 1339 2540 quidem

189 2533 342 2638 ἄπειρον
359 2537 541 2615 commode
561 2547 631 2624 huc
653 2539 771 2613 referri
788 2568 888 2637 posse
904 2539 960 2634 2);
986 2568 1178 2635 quanquam
1203 2547 1246 2622 de
1264 2569 1338 2612 me-

188 2644 274 2718 liora
290 2647 339 2715 rei
354 2648 578 2739 explicatione
596 2649 810 2746 desperantes
824 2647 946 2738 passim
958 2646 1029 2716 huo
1045 2647 1188 2720 trahant.
1222 2643 1337 2735 Quum

187 2748 292 2840 igitur
312 2771 380 2822 non
400 2749 566 2828 haberent
585 2754 800 2842 interpretem
826 2751 860 2822 in
884 2773 984 2838 quern
1001 2751 1146 2818 mediam
1161 2753 1254 2820 illam
1277 2775 1338 2819 na-

186 2859 297 2921 turam
311 2851 519 2942 conferrent,
545 2853 879 2925 Schleiermaclrcrus
907 2853 958 2946 (p.
974 2851 1040 2943 84)
1068 2853 1230 2949 placitum
1252 2850 1337 2921 illud
1364 2911 1366 2916 .

178 2949 350 3042 Diogeni,
376 2974 479 3040 quem
498 2956 531 3026 in
554 2955 745 3030 lonicorum
763 2955 1049 3046 philosophorum
1073 2978 1212 3025 nurnero
1227 2957 1338 3026 nomi-

186 3061 300 3124 natum
314 3053 510 3146 reperirent,
536 3058 595 3126 sed
608 3080 730 3147 parum
745 3056 920 3142 novissent,
946 3060 1159 3152 supposuisse
1176 3083 1235 3128 eos
1256 3082 1333 3133 cen·

128 3151 137 3166 '
186 3164 253 3240 set,
280 3178 322 3230 eo
344 3159 485 3232 fortasse
507 3172 698 3252 permotos,
725 3160 818 3251 quod
841 3184 861 3228 a
888 3161 1002 3231 calore
1020 3161 1153 3251 aliquo,
1188 3163 1246 3252 qui
1267 3161 1334 3232 hac

185 3257 231 3340 de
257 3281 357 3332 causa
375 3264 515 3356 propria
535 3266 566 3334 ei
591 3287 632 3334 ao
660 3267 808 3356 genuina
831 3264 914 3331 aeris
938 3262 1083 3354 species,
1109 3267 1165 3338 vel
1184 3266 1333 3357 primum

185 3363 303 3436 saltem
326 3367 410 3436 aeris
433 3360 554 3450 πάθος
574 3367 744 3438 videretur
760 3390 896 3442 necesse
916 3377 1020 3451 esset,
1046 3387 1181 3440 omnem
1202 3359 1345 3442 vivendi

185 3474 321 3536 cansam
342 3478 375 3538 et
397 3471 563 3559 originem
585 3482 739 3562 repetere
763 3494 839 3539 eum
861 3469 1021 3542 riderent.
1074 3470 1174 3540 Hanc
1194 3467 1333 3558 quidem

176 3563 537 3646 ,Solateiermaclterus
554 3575 810 3664 explicationem
828 3573 1012 3641 accuratius
1029 3573 1127 3644 etiam
1147 3573 1332 3652 etuberius

185 3665 221 3734 iu
238 3686 279 3734 ea
292 3672 599 3774 commentatione,
624 3699 727 3764 quam
747 3675 792 3748 dc
805 3675 1056 3748 Anaximandro
1076 3677 1226 3773 scripsit,
1250 3668 1334 3774 perss·

186 3854 395 3873 *ιο-ι·-

198 4027 200 4034 ,
252 3968 284 4038 1)
301 3969 341 4022 oa
358 3967 429 4022 cau.
445 3967 472 4034 a.
490 3969 517 4024 a.
534 3971 617 4042 noya.
634 3973 660 4042 a,
678 3975 704 4028 a.
722 3975 758 4028 ro.
778 3976 805 4042 1,
823 3973 848 4029 a.
866 3978 984 4046 neum.
1001 3979 1028 4045 1,
1043 3977 1070 4036 o.

250 4067 283 4136 ²)
300 4071 342 4127 cf·
362 4073 453 4148 SlmPl·
472 4073 506 4124 ¹¹⁶
523 4075 599 4142 Phlfl·
617 4095 643 4142 P·
661 4076 729 4130 δὴ
750 4077 797 4134 troi
813 4077 910 4147 μέντοι
927 4084 1031 4145 κοιναῖς
1047 4081 1111 4150 araci
1126 4083 1185 4137 reio
1201 4099 1332 4152 προειρη·

183 4131 275 4224 μῦἵωῖ
293 4135 444 4210 Audiam·
474 4136 518 4197 3²⁴
529 4143 570 4196 “2
588 4141 657 4198 altro
673 4149 791 4215 γεννῶσι
813 4147 950 4220 μανότητι
967 4153 1014 4207 uni
1037 4149 1210 4221 reuocante,
1240 4155 1332 4204 καίτοι

183 4223 234 4259 '⁰¹⁸
259 4211 489 4281 Αἀξψᾶνδθουν
508 4208 545 4274 ⁰3⁶
563 4208 650 4275 “⁰⁵¹st
667 4233 752 4284 ΦΨ,
771 4215 810 4284 pr}
828 4217 904 4274 cairo
920 4223 1087 4290 γεννῶντος,
1111 4218 1180 4277 dard
1196 4220 1269 4275 aeta
1288 4217 1332 4272 ἓν·

184 4290 276 4364 ’,ΜΨ
300 4276 351 4346 *ἦν
374 4277 428 4366 ’ἕνθ’
452 4284 506 4338 τοῦ
523 4280 652 4354 ἀπείρονι
678 4285 738 4347 πῶς
755 4278 807 4370 ν’ὖν
828 4289 854 4342 εἰ
869 4293 971 4345 τοῦτον
990 4291 1076 4360 ἔλεγεν
1094 4289 1166 4346 εἶναι
1183 4288 1232 4345 τόν
1250 4290 1331 4357 σῶμα

186 4343 353 4413 “mimi
368 4353 584 4422 ''mmm'’
602 4356 705 4418 ’‘⁰²⁹th
722 4353 841 4428 ἕπηγαγν
857 4354 909 4429 τὴν
926 4359 989 4416 κατ’
1009 4358 1157 4419 ἀλλοίωσιν
1173 4361 1295 4431 piatum
