2942 4996
594 420 693 516 ern
720 425 772 494 se.
793 426 846 516 ss
1249 433 1294 504 ss
1328 515 1334 524 ..
1433 401 1436 410 ⁴

140 595 301 679 pntetusz,
321 585 418 661 hand
433 590 569 702 min'pna
588 593 676 676 enirn
695 617 772 684 pars
794 585 1130 672 librariislsibu‘ensln
1147 619 1217 666 esse
1240 599 1305 668 ri···3

141 692 248 760 detur.
300 695 354 761 Ex
370 693 423 761 his
435 705 546 764 autem
560 697 644 766 locis
658 697 742 763 inter
758 721 793 764 se
808 701 1012 788 comparatis
1029 709 1191 789 apparet,
1209 702 1291 770 Ari-

140 795 294 864 stotelem
315 796 348 861 in
370 799 536 868 sententiis
553 799 717 889 primariis
740 801 953 889 proferendis
972 809 1127 870 accurate
1143 803 1300 893 diligen-s

140 906 257 985 terque
274 897 398 990 egisse3
425 901 458 966 in
474 902 638 969 servando
654 923 735 968 vero
752 903 827 991 ipso
844 905 1291 995 anctoris'sennonenegli-

140 1001 272 1090 gentius
302 1023 372 1068 esse
398 1013 574 1070 versatum.
629 1003 760 1088 Quodsi
790 1005 913 1073 eorlem
936 1007 1042 1074 morlo
1065 1006 1100 1074 in
1116 1007 1291 1100 ¹Diogenis

139 1103 219 1171 loco
236 1103 354 1194 egerit,
382 1103 426 1170 sle
441 1127 509 1192 quo
528 1105 688 1193 equidem
702 1128 769 1174 non
786 1106 924 1190 dubito,
951 1107 995 1175 sle
1010 1108 1158 1182 dialecto
1174 1110 1291 1185 lonioa
1333 1112 1337 1120 '

140 1206 175 1270 in
190 1226 231 1270 eo
252 1205 454 1274 restituenda
475 1229 542 1274 non
564 1229 635 1278 esse
656 1208 892 1298 cogitandum,
919 1233 1032 1300 perse
1048 1221 1161 1301 petet;
1187 1235 1291 1304 prae·
1365 1274 1369 1278 .

140 1307 263 1390 sertim,
290 1329 394 1394 quum
417 1333 459 1377 ne
473 1311 519 1376 ita
542 1310 680 1397 quidem
703 1311 883 1400 genuinam
905 1312 1069 1402 Diogenis
1091 1313 1290 1403 scripturam
1309 1373 1312 1381 Δ

139 1431 428 1496 consequeremur.
463 1411 684 1500 'Quanquam
715 1435 781 1480 non
809 1423 938 1481 tantum
960 1415 1159 1490 Aristoteles
1185 1417 1220 1483 in
1240 1441 1311 1490 ¹eu

139 1513 329 1581 immutasse
357 1513 506 1599 videtur,
539 1523 577 1583 ut
606 1537 625 1582 e
647 1516 915 1605 fragmentorum
941 1539 1082 1586 numero
1106 1515 1166 1586 hio
1193 1517 1289 1588 loeus

138 1614 332 1682 eximendus
354 1615 404 1681 sit.

242 1732 327 1821 Cap.
355 1731 415 1798 24.
465 1733 646 1802 Praeterea
667 1733 820 1806 hio-illio
841 1757 861 1801 a
880 1733 1047 1803 veteribus
1065 1745 1287 1806 memoratum

139 1841 206 1919 est,
232 1834 315 1922 quid
335 1834 484 1924 Diogeni
505 1834 550 1903 sle
565 1837 814 1926 singulisrebus
834 1837 1016 1926 placuerit,
1043 1839 1102 1906 sed
1123 1843 1228 1908 multo
1249 1841 1288 1908 io
1378 1871 1384 1876 ·

137 1937 260 2019 surius,
295 1958 397 2023 qnam
418 1937 452 2002 in
477 1937 550 2003 aliis
569 1935 667 2005 huius
688 1939 820 2029 generis
847 1939 1065 2029 philosophis
1084 1941 1157 2008 lieri
1179 1943 1287 2024 solets

137 2047 319 2128 propterea
334 2038 425 2126 quod
440 2038 463 2103 ii
479 2039 675 2129 scriptores,
702 2044 760 2129 qui
776 2041 808 2108 in
824 2038 876 2108 his
897 2041 996 2110 rebus
1009 2044 1159 2110 'menime
1179 2066 1288 2114 oenu-

137 2143 314 2230 pertisum,
338 2163 443 2228 quum
459 2141 652 2232 Diogenem
667 2145 701 2209 in
715 2145 825 2211 multis
844 2167 922 2212 oum
938 2145 1011 2212 aliis
1026 2146 1287 2215 consentientem
1309 2185 1312 2200 =

136 2244 304 2329 viderent,
337 2266 446 2330 neque
470 2237 711 2334 intelligerent,
746 2268 814 2334 quo
837 2246 907 2313 eius
931 2246 1084 2315 doctrina
1107 2272 1127 2340 a
1151 2251 1287 2339 reliquis
1377 2294 1382 2301 ,

138 2347 290 2414 omnibus
311 2345 471 2412 similibus
492 2347 598 2438 longe
625 2347 754 2416 ‹liverse
786 2358 888 2431 esset,
922 2371 998 2415 eum
1021 2340 1286 2439 neglexissevi-

137 2447 267 2515 dentur.
316 2449 446 2514 Primus
463 2452 630 2532 omnium,
657 2451 715 2537 qni
730 2450 854 2538 passim
875 2449 946 2515 eius
969 2451 1170 2516 mentionem
1191 2451 1285 2536 facit,
1314 2527 1318 2530 ,

136 2549 344 2618 Aristoteles
363 2559 430 2633 est,
456 2551 551 2617 cuius
568 2558 698 2616 constat
713 2550 891 2616 maximnm
909 2573 978 2616 esse
993 2551 1026 2617 in
1039 2549 1094 2616 his
1108 2553 1207 2620 rebus
1218 2577 1287 2626 ,au-

103 2699 105 2704 -
135 2653 333 2722 ctoritatem.
382 2651 470 2717 Num
491 2650 601 2718 Plato
624 2673 667 2717 ne
687 2651 824 2718 novisse
837 2651 976 2737 quidem
1003 2651 1133 2723 videtur
1153 2654 1288 2746 Dioge·

135 2777 231 2825 nem:
257 2753 346 2820 adeo
367 2751 496 2819 nullam
519 2751 589 2820 eius
610 2752 813 2820 mentionem
832 2752 916 2844 fecit
930 2748 972 2844 ¹).
1023 2755 1105 2824 Post
1120 2756 1287 2827 Aristote·
1321 2836 1323 2840 ,
1397 2780 1400 2787 ·

204 3050 236 3120 1)
255 3050 346 3104 Fneile
362 3049 399 3103 nli
419 3051 458 3104 uis
484 3049 572 3104 minei
595 3049 690 3118 possit,
716 3055 747 3106 ut
768 3053 908 3108 Platonem
932 3055 965 3107 de
981 3052 1101 3126 Diogene
1117 3054 1285 3125 Apolloninte

135 3120 208 3188 loqui
231 3121 320 3174 credat
343 3119 370 3172 in
390 3119 412 3170 P
430 3121 528 3173 serlone
551 3138 577 3187 p.
594 3121 637 3174 96.
654 3121 696 3185 ln,
721 3121 767 3174 nbi
791 3122 838 3177 sul
861 3121 1009 3191 πολλάκις,
1042 3125 1129 3192 inquit
1152 3126 1285 3188 Soonstes,

134 3185 256 3256 ἐμαυτόν
273 3183 333 3244 ἄνω
351 3187 397 3242 sul
415 3188 490 3244 unitos
508 3187 674 3259 μετέβαλλον
692 3192 802 3244 exosos
820 3196 932 3258 uenires
950 3189 985 3247 ssi
1002 3193 1099 3250 τοιοίδε
1116 3229 1217 3248 .....
1234 3194 1286 3250 sol

133 3255 257 3325 πότερον
273 3254 305 3314 τό
323 3254 393 3324 seipsi
411 3255 485 3312 ἐστιν
504 3249 528 3328 ᾦ
544 3259 724 3326 φρονοῦμεν,
752 3254 911 3329 ἢὸοἲὴρ,
938 3253 1006 3328 iso*
1031 3264 1105 3330 πῦρ,
1137 3254 1159 3330 ἢ
1174 3257 1285 3315 τούτων

133 3324 184 3396 μὲν
202 3323 302 3392 οὐδὲν,
331 3323 394 3381 tot
411 3324 563 3394 ἐγκέφαλός
580 3324 654 3378 ἐστιν
671 3333 730 3378 etn·
756 3330 844 3395 Quem
869 3327 897 3380 in
920 3329 1076 3383 sententium
1100 3329 1181 3381 etin·
1200 3331 1285 3382 Hein-

134 3399 245 3463 dorfium
262 3395 359 3448 slsiisse
376 3394 461 3446 uideo.
496 3394 549 3445 Sesl
567 3411 648 3460 quum
665 3394 761 3445 nullibi
777 3395 860 3458 alins,
878 3395 916 3447 nti
934 3396 1035 3447 dictum
1052 3400 1106 3459 est,
1123 3396 1151 3448 in
1167 3397 1286 3452 Platonis

133 3465 249 3534 slielogis
266 3481 300 3516 ne
323 3460 484 3515 levissimam
510 3460 614 3528 quidem
636 3461 763 3529 Diogenis
786 3462 945 3514 mentionem
967 3462 1092 3516 inieotnsn
1115 3463 1287 3531 reperiemus,

133 3541 213 3602 stqne
228 3534 296 3585 boec
313 3531 429 3584 Platonis
446 3530 528 3582 serbe
546 3530 683 3582 nommorle
701 3529 733 3581 sle
749 3531 910 3583 Anaximene
927 3531 1041 3600 intelligi
1058 3531 1172 3600 possint,
1197 3538 1227 3588 nt
1242 3535 1286 3588 vel

133 3602 158 3655 is
176 3603 338 3656 Plocitororn
355 3601 446 3664 locus,
463 3616 542 3666 quesn
558 3599 656 3652 Heinrl.
673 3598 761 3665 offert,
779 3599 903 3653 ostendit:
924 3599 991 3652 milri
1008 3601 1114 3667 quirinus
1132 3619 1286 3668 persuasurus

134 3677 190 3735 est,
221 3671 367 3738 Diogenem
392 3668 437 3719 hio
461 3685 511 3720 non
536 3685 591 3721 esse
615 3667 800 3736 significatum.
837 3670 943 3721 Videtur
966 3669 1042 3721 Pluto
1063 3671 1209 3741 Diogenem
1238 3679 1286 3726 esst

134 3740 211 3806 plene
228 3739 377 3807 ignorasse,
395 3743 455 3801 eut,
472 3736 495 3788 si
511 3735 627 3800 noverit,
645 3735 701 3788 eius
717 3738 821 3790 nullesn
836 3737 965 3790 rationem
983 3737 1115 3795 imbuisse.
1149 3739 1240 3806 Neque
1257 3741 1285 3793 irl

134 3807 241 3863 mirum.
275 3808 351 3859 Pluto
376 3807 446 3857 enirn
470 3821 521 3857 non
544 3805 570 3856 in
596 3805 708 3872 singulis
731 3805 888 3870 quibusdem
920 3805 1037 3874 priosum
1063 3809 1285 3878 pbilosophorum

135 3873 302 3942 opinionibus
319 3874 464 3926 selutenrlis
481 3874 579 3926 rnorssi
602 3875 683 3936 solet,
712 3875 757 3925 sod
775 3874 905 3942 principes
921 3892 1012 3927 eorum
1030 3877 1170 3930 sententies
1185 3891 1284 3943 eggre-

134 3943 213 3996 slitnr.
247 3945 303 3996 lens
322 3960 401 4009 qunns
418 3942 546 4010 Diogenis
564 3941 731 4009 philosophia
748 3943 823 4010 qnasi
841 3942 866 3995 in
884 3942 972 3995 medio
985 3943 1070 4012 posits
1088 3946 1121 3997 sit
1138 3943 1206 3994 inter
1213 3945 1284 3996 Ann-

134 4012 264 4066 simenem
281 4019 308 4064 et
323 4016 525 4080 Anaxagoram,
553 4011 592 4064 its
613 4016 642 4063 nt
659 4018 784 4076 qnatenus
801 4015 890 4064 nerem
906 4019 1105 4078 essentntueret
1121 4028 1210 4064 serum
1230 4013 1285 4066 ori-

134 4079 241 4149 ginem,
266 4080 335 4132 idern
355 4087 434 4146 atque
450 4079 623 4150 Anaximenes
640 4078 759 4131 docuisse
776 4080 925 4143 videretur3
952 4088 1080 4147 quotenus
1104 4095 1167 4133 sero
1184 4074 1284 4148 νόησιν

135 4149 161 4202 ei
178 4149 264 4202 inesse
279 4154 401 4215 poneret,
426 4147 453 4198 in
476 4164 507 4199 eo
525 4148 601 4214 quasi
624 4145 701 4199 initio
725 4153 826 4200 tentum
848 4149 1037 4216 Anaxagorese
1061 4145 1194 4199 doctrinae
1215 4149 1283 4201 lute-
1368 4155 1375 4168 ”

134 4224 209 4282 rent,
226 4233 278 4284 qun
294 4216 397 4269 tandem
416 4216 467 4266 hoe
484 4216 581 4285 dogma
598 4215 743 4282 perlectum
760 4224 812 4278 est3
830 4235 907 4284 porro
921 4219 1006 4282 'quum
1024 4224 1050 4268 st
1068 4215 1239 4270 Anaximenes
1256 4223 1283 4274 et

134 4287 306 4356 Annsogoras
322 4284 357 4335 ols
382 4284 424 4335 lris
447 4283 513 4350 ipsis
538 4301 629 4336 eorum
655 4284 757 4351 placitis
774 4286 1025 4350 Platonisrtosnpore
1044 4299 1169 4352 magnum
1187 4303 1282 4340 nornen

135 4353 361 4418 menteomni,
378 4352 510 4422 Diogenes
526 4369 589 4406 vero
605 4359 661 4410 turn
678 4353 783 4438 quinem
801 4355 901 4408 famem
918 4351 964 4403 vix
981 4351 1106 4420 heberet,
1129 4353 1174 4408 sed
1191 4361 1282 4422 postes
