2942 4996
547 471 646 537 car.
657 460 718 541 ιι.
734 477 790 542 m
1207 481 1247 570 ιι

94 649 146 716 nis
161 631 546 737 morabatnrDiogenes,
561 653 618 714 aut
632 646 755 768 librum
771 667 867 714 auum
882 647 949 714 iam
963 645 1125 734 ediderat,
1143 670 1247 737 quum
1270 714 1273 724 ,

94 749 248 819 Athenas
263 751 399 818 veniret.

200 853 286 942 Cap.
316 851 376 919 19.
428 850 612 932 Confecta,
642 859 803 939 quantum
825 852 898 919 fieri
918 853 1048 942 potuit,
1075 851 1120 920 de
1138 859 1247 920 aetate

95 956 260 1048 Diogenis
290 955 534 1044 disputatione,
568 963 717 1042 superest
744 955 809 1022 alia
835 956 1002 1044 quaestio,
1043 979 1151 1045 eaque
1178 977 1271 1036 non¹

95 1053 282 1126 minoribns
307 1057 563 1126 difficultatibus
582 1057 755 1141 obstricta,
781 1057 829 1125 de
844 1055 943 1126 libris
956 1058 1143 1150 Diogenis,
1159 1079 1247 1148 quae

95 1161 164 1229 iam
180 1161 353 1230 tractanda
366 1159 506 1228 videtur.
560 1157 655 1227 Nihil
668 1161 774 1244 enim,
801 1161 942 1251 opinor,
967 1161 1173 1229 morabimur
1193 1183 1245 1228 er-

94 1287 211 1331 rorem
235 1283 369 1351 eorum‚‚
389 1263 446 1350 qui
465 1263 611 1354 primurn
633 1258 871 1355 Anaxagoram
895 1264 1009 1331 litteris
1032 1265 1246 1355 consignasse

95 1367 285 1435 doctrinam
301 1388 394 1433 suam
412 1374 593 1433 statuerent
602 1361 651 1456 ¹):
677 1365 767 1434 unde
782 1365 971 1458 Diogenem
988 1376 1047 1434 aut
1062 1366 1145 1435 nihil
1162 1366 1245 1435 scri-

93 1469 200 1560 psisse
223 1479 279 1536 aut
298 1476 377 1558 post
392 1470 629 1560 Anaxagoram
653 1468 758 1535 libros
783 1490 860 1536 suos
881 1469 1024 1537 edidisse
1041 1469 1250 1562 sequeretur.‘

94 1574 185 1639 Nam
207 1569 330 1639 horum
351 1573 385 1638 in
402 1572 518 1660 aprico
540 1592 634 1638 error
657 1580 722 1654 est,
750 1573 880 1661 qnippe
903 1572 1142 1661 Anaxagoram
1168 1590 1246 1637 cum

94 1672 349 1742 Anaximandro
372 1673 659 1740 commutantium.
712 1673 783 1741 Sed
803 1675 883 1738 talia
906 1695 943 1739 re
965 1670 1038 1762 ipsa
1060 1671 1246 1739 refutantur

95 1797 139 1841 ac
157 1773 319 1840 mittenda
337 1782 422 1842 sunt.
473 1773 614 1840 Maioris
628 1795 709 1840 vero
731 1773 891 1840 momenti
909 1772 1057 1860 quaestio
1074 1783 1123 1840 est
1141 1773 1245 1842 haec:

95 1885 210 1965 utrum
231 1897 334 1940 unurn
353 1881 483 1940 tantum
501 1873 672 1964 Diogenes
694 1874 862 1964 scripserit
883 1875 1025 1955 librum,
1052 1897 1094 1942 an
1113 1877 1245 1966 plures3

95 2001 166 2066 qua
186 1976 230 2043 de
247 1975 364 2042 roiam
382 1976 469 2041 inter
485 1984 613 2044 veteres
632 1977 824 2066 ambigitur.
861 1977 1046 2068 Diogenes
1063 1978 1149 2044 enirn
1174 1976 1245 2044 Lu-

95 2081 206 2169 i’rrtiua
226 2100 327 2145 unum
353 2085 481 2144 tantum
507 2077 747 2168 Apolloniatae
767 2079 928 2168 scriptum
956 2078 1077 2163 fuisse,
1111 2102 1246 2166 censere

95 2182 245 2264 videtur,
271 2179 435 2268 siquidem
451 2177 551 2247 huius
572 2181 646 2247 libri
664 2180 868 2272 principium
885 2190 1027 2270 utroque
1048 2182 1148 2270 loco,
1174 2205 1244 2272 quo

96 2283 199 2351 affert
215 2279 268 2374 ²),
303 2285 350 2350 ita
371 2282 520 2350 inducit:
555 2275 648 2378 α’ργή
670 2283 708 2354 δὲ
731 2279 833 2377 αὐτῷ
857 2284 940 2360 τοῦ
962 2279 1245 2382 συγγράμματος

96 2383 160 2484 dds
176 2394 258 2469 etc,
284 2409 371 2474 qnae
386 2385 549 2474 loquendi
563 2387 648 2453 ratio
665 2394 782 2476 aperte
800 2385 845 2452 ad
863 2409 967 2468 unum
981 2387 1115 2468 librum,
1142 2408 1244 2474 quem

97 2488 279 2586 significet,
311 2497 450 2578 spectat.
502 2487 612 2556 Aliter
636 2510 775 2606 prorsus
805 2490 918 2555 statuit
949 2487 1154 2577 Simplicius
1182 2485 1244 2574 (ad
1287 2529 1290 2536 .

97 2589 230 2660 Aristot.
243 2589 375 2681 physic
390 2613 425 2679 p.
441 2589 490 2655 32
492 2590 568 2678 ,b.)
588 2591 647 2677 qui
668 2589 731 2660 tria
753 2589 825 2656 fere
841 2588 1030 2714 Diogenis
1018 2588 1099 2664 olim
1120 2588 1244 2678 scripta

97 2693 199 2763 fuisse
214 2692 395 2768 contendit
446 2684 597 2808 Εσιιδιγ
620 2691 677 2782 δι’,
703 2688 875 2778 iuquit,
852 2691 966 2814 ηγιὲν
978 2688 1050 2762 τολν
1068 2683 1244 2771 πλειόνων

99 2795 242 2890 ἱστορία
265 2795 445 2918 Διογένην
468 2785 534 2863 τόι
530 2783 898 2913 Auaeoiiornuinnu
877 2789 1009 2882 ομοίως
1024 2786 1138 2875 Ἀναξ
1121 2793 1243 2913 ξιριένη

97 2892 165 2969 adu
182 2894 273 2989 α’έρα
293 2893 472 2970 τίλλεσθαι
494 2886 540 2964 ad
558 2891 703 2986 σρολτον
720 2887 900 3012 στοιχεῖόν
923 2920 1035 3016 opor:
1042 2897 1244 2974 Νικολαος

100 2999 172 3072 δὲ’
154 3025 193 3070 εν
212 2997 259 3092 τῇ
276 2994 357 3123 φιρλ
374 2994 469 3076 θιαλι
462 3020 721 3114 σραγματειᾳ
740 2994 875 3067 τοῦτον
890 3000 1031 3120 ἱστορεῖ
1045 3022 1088 3067 το
1082 2987 1244 3086 pesulo

98 3125 210 3194 πνρος
225 3096 284 3169 uui
300 3094 404 3191 οἷέρος
424 3090 491 3195 τήν
508 3091 621 3192 α’ρχην
638 3090 903 3192 ἀποφήνασθαι
922 3097 981 3167 καὶ
1006 3124 1056 3218 ιφ
1044 3091 1241 3194 Νικολάῳ

99 3194 449 3328 σοιηνολούθιγσινὸ
469 3201 791 3294 φιλομαθέστατος
812 3200 886 3270 τῶν
906 3205 1120 3318 φιλοσοφοιν
1135 3203 1243 3293 [Iop-

100 3297 243 3402 φύριος
272 3303 449 3394 ἰστέον,
477 3297 527 3380 oie
553 3302 810 3420 γέγραπται
837 3301 1029 3380 πλείονα
1053 3326 1109 3392 τῳ
1097 3300 1243 3370 Διο

100 3407 222 3500 γένει
250 3429 397 3494 τοοτφ
425 3427 809 3526 σογγραρματα,
829 3427 874 3482 ος
898 3394 1007 3516 αρίος
1028 3399 1141 3500 ἐντῷ
1162 3398 1245 3494 περὶ

102 3534 237 3603 φοσιοις
254 3497 441 3599 ἐμνήσθη,
467 3501 528 3580 ιιαὶ
530 3528 634 3622 προς
656 3493 893 3594 φυσιολόγους
911 3469 1164 3625 ἀντειρηκέναι
1181 3501 1245 3575 λέ-

100 3637 190 3703 γον,
217 3607 277 3688 οὓς
292 3612 393 3678 aulai
409 3603 468 3676 καὶ
492 3597 601 3732 αρ’τος
617 3598 811 3697 σοφιστοῐς,
839 3630 899 3673 ιιαι
891 3597 1246 3729 μιτεφρολογιάς3)

101 3712 337 3807 γεγραφέναι,
364 3713 402 3782 ἐν
425 3703 448 3810 ᾗ
468 3734 528 3779 ιιαι
521 3705 644 3798 λέγοι
661 3705 744 3802 περὶ
766 3732 831 3808 spe
853 3700 963 3802 ἀρχῆς
985 3706 1165 3814 α”ρηιιεναι
1184 3704 1245 3778 ναὶ

102 3903 310 3919 -ῃ

170 4009 202 4097 1)
223 4007 338 4059 Ολοσιοσι
355 4007 428 4059 Αλοο.
446 4004 544 4059 strom.
554 4021 588 4090 p.
605 4002 669 4058 tto.
683 4004 718 4058 D.
735 4002 776 4054 ed.
795 4001 880 4058 Paris.
897 3998 977 4056 1611.
1001 4001 1028 4056 ολ
1051 3997 1082 4054 di
1102 3991 1246 4064 Ἀναξαγό-

103 4097 171 4148 ραι,
195 4080 256 4144 Hyp
259 4071 408 4162 ondoniton,
434 4071 635 4141 Κλαζομένιον,
655 4073 735 4138 nouit
721 4089 770 4124 ιον
788 4069 838 4125 aad
856 4074 969 4139 γοαφιῖσ
985 4067 1119 4125 tanatum
1136 4067 1245 4136 βιβλίον

103 4149 270 4218 λοιοροῦσιιι.
296 4144 331 4195 ολ.
350 4143 462 4196 setam.
477 4145 561 4198 Anax.
577 4160 603 4210 p.
620 4141 665 4196 62.
682 4141 832 4200 δολιλολοισι.
849 4140 1022 4196 moment.
1037 4155 1064 4207 p.
1082 4135 1144 4188 124.

168 4241 462 4318 nummu

170 4344 645 4428 6)(λοιι13οιιιιιμειιωφολογλαι,
669 4342 953 4416 quousctrumct
969 4337 1105 4409 proponit
1120 4355 1184 4411 pag.
1176 4339 1245 4394 .96.

106 4423 209 4486 uoti,
227 4427 288 4487 aut,
305 4417 376 4487 quod
394 4415 481 4485 magis
498 4415 599 4483 placet,
616 4415 679 4483 σιρλ
694 4414 919 4486 μετεωρολογίας.
