2942 4996
609 393 709 460 661’.
736 398 770 460 b.
791 401 824 460 (λ.
1267 403 1299 467 47

139 566 245 634 menis
271 587 350 634 curn
375 564 553 658 disciplina
577 587 675 634 usum
701 587 774 636 esse
796 565 908 636 tradat
918 561 970 659 ¹),
995 557 1057 636 nisi
1077 562 1137 635 bic
1154 566 1291 658 qnoque

138 667 299 753 earxdem,
326 690 428 757 quam
453 668 694 761 Augustinus,
720 669 901 756 rationem,
927 691 995 758 qua
1014 677 1195 758 utrumqne
1219 669 1289 755 ill'e,

137 780 171 838 nt
195 772 437 862 Anaxagoram
471 780 506 838 et
530 772 745 862 Diogenem,
773 773 924 842 eiusdem
948 773 1163 841 Anaximenis
1189 773 1288 841 andi-v

80 869 90 878 '
136 882 245 946 torem
271 873 436 960 faciebat,
462 875 739 965 amplectebatur.

240 975 326 1066 cap.
353 974 391 1070 6.
441 975 515 1044 lam
547 998 631 1044 vero
665 987 703 1044 ut
740 975 917 1044 diiudicari
950 976 1081 1067 possit,
1119 997 1286 1065 quaenam

134 1078 346 1167 probabilior
371 1079 544 1168 ditatio,
587 1100 646 1147 ecs
677 1087 829 1148 veterum
855 1080 969 1163 locos,
1008 1099 1151 1168 quornm
1176 1077 1284 1145 modo

134 1202 308 1250 recensum
333 1179 508 1266 dedimus,
534 1179 725 1273 diligentius
750 1183 851 1251 etiam
877 1181 989 1249 animo
1015 1181 1285 1271 contemplemur

131 1305 269 1353 necesse
294 1292 353 1354 est.
407 1283 461 1354 Ac
486 1292 566 1351 ncta
591 1285 731 1373 quidem
758 1309 810 1354 res
834 1294 884 1354 est
909 1284 1075 1368 omnibus,
1101 1292 1284 1378 postquam

129 1388 165 1453 in
180 1386 432 1457 Socraticorum
452 1386 581 1457 scholis
602 1387 741 1455 historia
762 1385 1005 1479 philosophiae
1020 1385 1183 1478 perscribi
1201 1406 1284 1455 cce·
1362 1431 1363 1436 =

95 1515 101 1522 “
129 1498 189 1578 pta
215 1497 318 1574 esset,
358 1490 483 1558 multos
516 1489 617 1558 fnisse
644 1492 824 1581 scriptores
850 1490 1051 1577 διαδοχῶν,
1092 1488 1212 1574 quiin
1238 1507 1281 1553 eo

128 1592 273 1659 inanime
297 1614 440 1681 operam
466 1592 693 1678 collocarent,
720 1601 756 1661 ut
782 1591 1006 1679 antiquiorum
1037 1610 1175 1677 qnoque
1199 1586 1283 1678 phi-

128 1693 354 1782 losophorum
379 1695 571 1763 continuam
593 1695 763 1782 quandam
780 1694 900 1760 scriem
924 1692 1170 1771 constituerent,
1196 1712 1280 1778 qua-

130 1793 200 1860 lem
224 1793 259 1860 in
285 1795 352 1860 suis
377 1793 506 1862 scholis
529 1794 693 1861 viderent.
744 1793 850 1879 Quod
882 1814 963 1859 vero
998 1803 1039 1858 cx
1070 1791 1126 1858 his
1150 1791 1193 1857 ad
1221 1813 1284 1858 an-

130 1897 243 1984 tiquos
268 1894 349 1962 istos
374 1893 536 1984 physicos
560 1896 715 1984 pertinet,
741 1895 830 1963 haec
858 1895 932 1962 fere
954 1893 1182 1984 vulgatissima
1200 1894 1283 1989 plu-

128 1996 287 2086 rimisque
313 1997 458 2087 probata
483 1997 615 2064 videtur
640 1998 742 2066 fuisse
767 1997 883 2082 series,
909 2003 948 2062 ut
968 1995 1153 2064 Thaletem
1179 2017 1281 2064 exce-

126 2100 216 2190 perit
241 2098 507 2186 Anaximander,
540 2097 632 2168 bunc
657 2101 899 2184 Anaximenes,
931 2097 1024 2169 hunc
1049 2101 1281 2189 Anaxagoras,

128 2201 221 2273 bunc
245 2201 452 2288 Archelaus,
492 2201 585 2272 hunc
609 2202 783 2288 Socrates,
813 2203 881 2291 qui·
896 2223 1022 2269 novum
1048 2199 1281 2292 philosopho-

128 2326 201 2373 rum
236 2304 391 2373 ordinem
425 2306 544 2396 aperit.
580 2305 625 2373 cf.
653 2306 766 2398 Dicg.
806 2305 927 2374 baert
961 2326 1115 2394 procem,
1153 2298 1190 2396 δ.
1219 2298 1278 2373 14.

17 2435 20 2440 ·
127 2408 257 2479 Ptneit.
291 2407 386 2480 Plu‘l.
412 2409 439 2480 l.
464 2432 499 2500 p.
528 2402 614 2476 352.
640 2400 753 2486 flata·
790 2408 857 2475 alii.
909 2403 1009 2474 Hanc
1034 2406 1143 2495 ipsam
1167 2412 1280 2469 autem

125 2511 327 2598 lonicorum,
354 2533 441 2600 quos
460 2511 587 2594 dicunt,
613 2508 898 2600 physiologorum
921 2505 1166 2574 successionem
1181 2501 1299 2582 Sim-¹

122 2613 253 2706 plinius
277 2635 416 2702 quoqne
439 2613 475 2681 in
494 2611 752 2681 Commentariis
776 2612 842 2677 suis
867 2608 912 2674 ad
938 2606 1037 2698 phys.
1063 2605 1199 2683 Aristct,
1224 2627 1279 2672 se-

125 2717 246 2806 quitur.
273 2716 318 2785 of.
344 2738 379 2806 p.
408 2713 443 2783 6.
471 2739 500 2784 a.
526 2709 911 2803 Ἀναξίμανδρος,
940 2700 1171 2802 Πραξιάδου,
1197 2707 1277 2778 Μι·

126 2813 267 2914 ληόιος,
305 2816 464 2888 Θαλοῦ
488 2806 745 2905 γενόμενος
772 2804 995 2899 διάδοχος
1019 2808 1096 2880 καὶ
1121 2799 1276 2899 μαθὴ·

49 2981 53 2988 ,
125 2944 205 3014 της
239 2967 378 2988 ......
413 2912 743 3009 Ἀναξιμένης,
769 2909 1049 3010 Εὐρυστράτου,
1077 2903 1275 3008 Μιλήσιος,

126 3023 324 3114 ἑταῖρος
354 3009 553 3111 γεγονώς
577 3010 1016 3110 ’Λναξιμοίνδροομ
1035 3011 1070 3088 6.
1087 3013 1123 3081 b.
1142 3008 1274 3084 ’Aua'-

125 3116 351 3218 tertioue,
386 3112 682 3218 Ἡγησιβούλου,
721 3120 991 3210 Κλαζομένιος,
1031 3107 1274 3206 κοινωνή-

124 3250 208 3305 οας
244 3224 323 3320 τῆς
356 3219 690 3312 Ἀναξιμένους
729 3216 1023 3320 φιλοσοφίας.
1081 3216 1274 3306 Diogenem

90 3328 95 3334 ’
125 3337 237 3396 ‘tutem
272 3325 518 3416 Apolloniaten
549 3321 659 3389 statim
692 3332 771 3411 post
807 3320 1046 3390 Anaximenem
1077 3317 1276 3406 interposuit

125 3439 266 3523 propter
301 3425 551 3495 similitudinem
585 3421 758 3489 doctrinae
772 3419 820 3512 ²).
882 3419 988 3504 Quod
1022 3440 1127 3505 quum
1152 3417 1199 3482 ita
1225 3415 1276 3499 sit,

127 3534 342 3627 perspicuum
357 3539 416 3616 est,
444 3550 504 3599 cur
528 3525 721 3615 Diogenem
750 3515 877 3614 σχεδον
904 3513 1088 3594 νεώτατον
1113 3517 1277 3612 appellet.

125 3636 254 3707 Omnes
289 3637 398 3720 enim,
429 3632 489 3724 qui
520 3631 780 3723 Anaxagoram,
812 3625 906 3694 nullo
937 3621 1166 3696 intercedente
1198 3621 1277 3713 alio,

134 3849 343 3862 —u-——n——1—

196 3970 229 4038 1)
246 3967 346 4040 ἥκουσι
370 3967 418 4034 dl,
443 3968 530 4041 φηολν
552 3965 742 4036 Ἀντισθένης,
768 3958 966 4032 Ἀναξιμένους.
993 3959 1166 4022 ¹Antisthenen
1188 3953 1279 4007 antem

129 4037 263 4109 διαδοχὰς
285 4042 342 4095 τῶν
366 4038 532 4110 φιλοσόφων
554 4038 703 4106 scripserat.
738 4034 796 4088 vti.
819 4036 853 4087 de
873 4049 905 4086 ec
930 4031 1039 4096 Mesua.
1058 4028 1093 4081 ad
1108 4023 1190 4090 Diag.
1206 4021 1238 4072 b.
1254 4021 1277 4084 l,

128 4111 173 4166 46.
190 4129 217 4179 p.
233 4109 277 4164 26.
294 4117 321 4164 et
337 4108 372 4164 ad
388 4112 432 4176 Vl,
449 4109 494 4165 19.
510 4127 537 4178 p.
554 4108 617 4163 262.
635 4105 752 4159 tontum
768 4105 795 4158 d.
811 4103 904 4172 script.
918 4102 949 4158 b.
966 4099 1035 4169 plait.
1050 4097 1096 4162 w,
1113 4092 1141 4145 6·
1158 4107 1185 4160 p.
1202 4088 1265 4144 246.

196 4215 229 4283 2)
248 4215 290 4268 (λλ.
308 4231 333 4282 p.
350 4212 377 4266 i.
395 4228 421 4266 a.
444 4207 517 4280 αὕτη
540 4209 591 4281 μὲν
615 4206 634 4280 ἡ
659 4206 798 4279 σύντομος
821 4206 971 4275 urcitanae
993 4201 1050 4252 reis
1073 4189 1280 4277 ictcccups‘supr

130 4282 192 4352 neci
208 4281 318 4354 ἀρχῶν,
345 4277 388 4336 ον’
405 4279 493 4336 aurci
520 4281 677 4348 χρόνους
694 4275 970 4353 ἄναγηαφςῖοιι,
994 4261 1086 4322 tutu
1109 4261 1199 4320 aurci
1215 4281 1280 4332 την

133 4357 192 4424 τῆς
210 4355 321 4426 δόξης
339 4348 567 4423 συγγένειαν.
998 4367 1000 4372 v
