2942 4996
602 413 714 494 esc*
737 419 805 504 arr·
828 459 840 482 „
956 414 960 422 ·
1228 417 1273 504 cs

118 609 208 682 pura
231 587 402 680 Leucippi
428 586 675 682 philosophia,
708 591 767 680 qui
800 587 917 663 mulla
937 607 1008 690 esee
1039 591 1151 659 rerum
1179 586 1273 658 initis

119 692 283 776 dicebat,
315 693 500 766 clarissimo
524 694 670 764 ostendit
692 692 880 784 exemplo,
898 689 1061 759 'nonsie
1076 690 1278 782 simpliciter·

118 796 206 887 poni
229 815 349 886 posse,
375 817 476 865 uuum
501 819 573 865 esec
599 789 738 892 ἀρχήν,
771 805 925 877 utrem,
950 815 1037 881 quae
1062 792 1275 862 domonstra-
1345 861 1355 882 ,

119 898 213 968 tione
249 919 318 964 non
351 907 477 990 egeat..
511 898 569 968 Ad
602 898 711 990 ipsam
737 906 851 966 autem
884 893 1047 964 rationem
1073 893 1168 984 qood
1195 896 1274 966 atti-

120 1011 198 1089 net,
215 1023 283 1089 qua
308 1001 503 1070 sententiam
529 1023 621 1068 snam
648 1001 797 1090 probare
822 1009 962 1068 conatur
985 998 1169 1088 Diogenes,
1194 1019 1279 1066 eve·.

119 1103 195 1170 nire
218 1124 288 1170 non
312 1125 414 1193 posse
439 1103 630 1188 contendit,
663 1113 699 1170 ut
723 1125 776 1171 res
801 1103 887 1170 inter
912 1124 949 1169 se
974 1098 1191 1185 misceantur,
1218 1108 1278 1169 aut

122 1204 199 1272 ullo
224 1215 328 1295 pacto
355 1205 596 1274 commercium
622 1204 788 1288 habeant,
809 1193 1023 1280 ,nisi-ornnes
1050 1226 1092 1275 ex
1116 1224 1184 1270 ono
1209 1203 1276 1271 ali-

121 1329 194 1395 quo
218 1307 386 1397 principio
412 1308 588 1398 profectae
613 1293 685 1378 sint
731 1310 818 1376 Nam
845 1306 939 1395 qnod
965 1315 1142 1397 praetcrea
1167 1296 1282 1391 recidit,¹

120 1408 207 1476 nihil
232 1408 370 1482 omnino
395 1411 485 1480 nasci
510 1433 622 1500 posse,
649 1411 709 1478 nisi
725 1410 795 1479 hoc
813 1411 921 1478 modo
937 1418 1100 1494 nascatur,
1125 1417 1164 1476 ut
1182 1407 1277 1480 idem

41 1589 44 1594 .
120 1512 181 1594 sit,
213 1511 249 1580 id
275 1511 321 1579 ud
343 1513 469 1588 eadem
492 1512 583 1582 haec
607 1515 758 1584 recurrit.
808 1511 878 1580 Sed
905 1534 1010 1600 quum
1037 1532 1099 1578 eae
1119 1510 1277 1590 rationes,

120 1614 244 1702 quihus
277 1614 371 1703 quod
404 1615 517 1704 posuit
548 1615 777 1684 demonstrare
809 1613 939 1698 studet,
978 1614 1025 1680 ita
1057 1620 1301 1702 comparatae*

123 1716 207 1800 siut,
243 1725 279 1783 ot
303 1738 372 1784 non
396 1717 505 1784 statim
540 1727 721 1807 appareat,
755 1715 931 1805 quomodo
966 1714 1026 1799 id,
1059 1714 1155 1801 quod
1189 1713 1275 1796 volt,

122 1817 205 1908 ipsis
231 1816 411 1885 efficiatur:
437 1825 586 1886 ucstmm
612 1829 680 1904 est,
706 1817 902 1908 diligentius
928 1817 1028 1890 etium
1053 1814 1279 1904 inquirerein

124 1941 243 1988 earnm
276 1929 431 1988 natorum
462 1929 497 1988 et
529 1921 606 1991 vim.
658 1921 713 1990 Ac
745 1921 857 2011 primo
889 1905 1027 2008 quidem
1058 1919 1188 1987 clarum
1214 1925 1276 2002 est,

122 2031 230 2090 totarn
261 2021 351 2092 hanc
384 2022 550 2114 Diogenis
583 2022 899 2091 demonstrationem
925 2043 994 2107 eo,
1030 2022 1126 2110 quasi
1149 2019 1276 2091 funda-

122 2135 238 2194 mento
264 2145 351 2207 suo,
385 2125 467 2208 niti,
499 2123 593 2212 qood
628 2143 745 2194 omnes
778 2148 831 2194 res
857 2134 975 2194 mutuo
1000 2124 1152 2213 quodam
1179 2144 1278 2194 corn-

124 2228 252 2296 m‘ercio
286 2226 449 2298 contineri
480 2228 689 2317 aliarumque
722 2251 763 2298 ex
789 2227 861 2298 eliis
887 2250 1022 2317 semper
1046 2226 1282 2299 conditionem

15 2407 18 2416 ¹
127 2339 162 2398 et
194 2328 450 2399 vicissitudinem
484 2331 634 2421 pendere
666 2331 844 2401 dictitaret.
905 2331 1010 2414 Quod
1045 2329 1199 2419 pluribus
1230 2327 1278 2395 de

126 2432 231 2500 causis
264 2432 484 2502 memorabile
517 2443 575 2502 est.
628 2432 677 2502 Ut
709 2433 913 2502 enim'hanc
940 2431 1083 2499 eandem
1108 2429 1279 2497 variorum

125 2535 160 2602 in
199 2557 312 2604 rerum
352 2545 470 2604 natura
504 2543 683 2602 eventuum
718 2533 996 2623 explicandorum
1035 2531 1200 2598 tutionem
1233 2529 1279 2598 ab

126 2638 282 2705 omnibus
308 2645 386 2705 ante
412 2658 489 2703 eum
503 2699 507 2706 ,
514 2634 729 2726 physiologis
754 2636 870 2702 initam
895 2634 1061 2719 videmos,
1092 2633 1120 2700 si
1140 2631 1280 2721 quidem

127 2739 234 2806 omnis
266 2759 378 2806 rerum
414 2738 593 2826 explicatio
621 2737 768 2806 consistit
792 2738 826 2804 in
854 2758 915 2820 eo,
954 2745 993 2804 ut
1024 2736 1278 2818 demonstretur,

127 2862 198 2930 quo
223 2839 329 2907 modo
356 2839 462 2906 altera
488 2861 528 2908 ex
553 2840 669 2922 altera,
696 2861 784 2927 quae
808 2837 877 2907 sire
902 2839 1026 2908 eodem
1052 2847 1206 2929 tempore
1226 2835 1279 2925 sit,

127 2943 197 3010 sive
231 2942 325 3030 prius
358 2940 479 3029 fuerit,
518 2942 667 3010 exsistat:
705 2943 753 3009 i'ta
783 2951 989 3011 tamennon
1014 2943 1123 3009 minos
1150 2941 1279 3010 clarum

129 3053 202 3126 est,
234 3043 268 3110 in
301 3043 523 3132 antiquiorum
548 3044 832 3136 physiologorum
859 3044 1082 3136 philosophia
1106 3041 1197 3114 hanc
1221 3064 1279 3110 ra-

11 3229 14 3244 ,
128 3146 252 3226 tionem
274 3145 353 3236 plus
373 3147 523 3214 minusve
544 3149 613 3217 sire
629 3148 691 3216 futi
711 3149 780 3216 siue
803 3147 945 3216 deorum
969 3148 1154 3216 interuentu
1174 3145 1282 3214 fuisse

11 3249 14 3270 ¹
128 3248 347 3340 interceptam
379 3272 420 3318 ac
445 3250 623 3334 turbatam,
655 3260 690 3317 et
712 3253 895 3340 plerosque
921 3272 978 3318 eos
1004 3272 1131 3333 omnes,
1156 3267 1278 3337 quarn-

127 3351 176 3417 uis
203 3374 244 3418 ea
269 3361 411 3433 utantur,
446 3374 568 3442 parom
593 3362 705 3420 tarnerr
731 3361 947 3441 perspectum
972 3349 1141 3432 habuisse,
1175 3368 1280 3437 quum

128 3452 196 3520 late
222 3463 338 3543 puteat
356 3464 586 3541 quantumque
609 3455 679 3522 eius
702 3453 735 3520 in
756 3452 979 3544 philosophia
997 3459 1205 3520 momentum
1227 3449 1279 3518 sit.

130 3555 244 3639 Quare
278 3554 349 3624 hoc
379 3556 413 3623 in
446 3556 604 3648 Diogene
635 3565 822 3624 memoratu
856 3555 1016 3646 dignum,
1056 3553 1150 3643 quod
1177 3574 1219 3622 eo
1245 3551 1281 3620 iu

13 3745 15 3754 ‚
128 3655 196 3725 hac
229 3680 267 3726 re
299 3680 498 3750 progressus
532 3666 600 3742 est,
641 3668 679 3725 ut
711 3681 780 3726 non
798 3659 922 3732 ⁴solum
949 3667 1101 3728 mutuum
1128 3657 1281 3727 omnium

130 3781 242 3827 rerum
260 3783 393 3845 nexum,
419 3784 489 3852 quo
512 3761 617 3830 altera
640 3783 681 3828 ex
697 3763 804 3830 altera
824 3759 976 3852 pendere
1002 3760 1158 3843 cernitur,
1183 3758 1281 3850 prio-

131 3860 221 3928 ribus
247 3865 399 3932 omuibus
425 3863 545 3934 clarius
571 3863 718 3949 rideret,
755 3866 802 3932 ita
826 3873 880 3949 ut,
909 3885 1013 3952 quom
1040 3863 1111 3932 duo
1137 3861 1281 3930 maxime

14 4001 15 4006 κ
131 3962 287 4054 principii
313 3966 476 4035 immutati
502 3989 629 4058 genera
655 3990 725 4036 esse
750 3976 911 4060 poneret,
939 3967 1080 4036 alterum
1108 3964 1218 4044 anima
1239 3979 1282 4028 uu

131 4063 258 4150 ratione
270 4067 471 4154 praeditum,
499 4071 641 4140 alterum
654 4069 881 4158 inanimatum,
905 4070 940 4138 in
951 4070 1003 4137 his
1019 4070 1119 4138 etiam
1136 4063 1282 4136 duumu-

132 4175 260 4251 straret,
274 4189 342 4255 qua
355 4171 532 4238 rationein
546 4173 688 4242 altemm
702 4175 854 4242 manniret
867 4172 1024 4249 alterom3
1049 4169 1110 4237 sed
1125 4173 1283 4237 accurate

134 4271 233 4339 etiam
250 4270 392 4357 sentiret,
412 4270 493 4360 qnid
510 4287 625 4366 ageret
638 4285 672 4344 et
683 4276 869 4365 quomodo,
897 4275 996 4354 adeo,
1010 4281 1048 4338 ut
1062 4271 1106 4338 alr
1120 4269 1192 4339 hoc
1206 4269 1281 4360 ipso
1408 4303 1414 4311 ·

133 4383 247 4443 mutuo
273 4396 385 4442 rernm
412 4377 617 4446 commercio
644 4379 689 4448 ad
709 4379 767 4460 id,
792 4377 886 4468 quod
912 4376 946 4443 in
968 4375 1039 4444 eins
1059 4371 1281 4466 philosophia
