2966 4990
521 361 524 366 Δ
564 397 670 462 cur.
691 403 744 473 aa.
766 402 820 465 aa.
1202 408 1266 468 ne

120 577 195 636 orto
222 569 271 637 ibi
302 555 527 638 remanserint·
544 575 602 637 ant
630 569 664 636 in
692 569 761 638 istis
797 533 897 638 etiam
927 567 1044 638 mundi
1070 569 1156 642 locis
1176 573 1267 644 nuci

116 672 258 760 possint.

222 837 309 929 Cap.
336 837 398 912 67.
456 838 589 908 Deinde
619 836 739 927 quibus
760 839 907 932 vestigiis
930 836 1099 910 adductus
1122 840 1203 929 sim,
1229 851 1266 911 ut

119 938 342 1009 orbicularem
364 941 463 1009 etiam
478 952 607 1009 motum
626 941 773 1032 Diogeni
789 943 952 1031 tribuam,
981 941 1068 1012 haec
1090 944 1163 1010 fere
1178 954 1263 1018 sunt.

118 1042 234 1110 Primo
251 1043 339 1109 enim
353 1044 423 1130 sol,
449 1043 546 1125 luna,
572 1043 683 1110 sidera
695 1043 786 1110 initio
799 1044 866 1111 iam
883 1067 971 1134 gyro
991 1044 1184 1112 ferebantur
1197 1045 1264 1113 cir-

119 1168 161 1214 ca
175 1143 295 1233 polum
313 1143 396 1234 (vid.
413 1166 443 1216 c.
459 1142 557 1235 lh),
583 1166 730 1230 eumque
745 1155 874 1213 motum
895 1145 990 1214 haud
1011 1144 1114 1214 dubie
1135 1145 1264 1214 aetheri

118 1254 221 1332 atque
245 1245 331 1332 a'e‘ri,
363 1247 492 1336 quippe
513 1256 630 1311 natura
653 1269 712 1312 sua
732 1246 880 1314 omnium
905 1247 1049 1315 maxime
1072 1249 1263 1331 mobilibus,

119 1346 298 1414 debebant.
351 1347 438 1414 Nam
454 1369 559 1435 quum
576 1346 668 1414 initio
688 1347 828 1415 confusa
842 1358 876 1415 et
889 1348 974 1416 inter
987 1371 1022 1414 se
1040 1350 1142 1414 mixta
1156 1357 1264 1416 essent

119 1448 246 1526 omnia3
273 1469 315 1514 eo
330 1448 469 1535 quidem
483 1458 638 1537 tempore
656 1469 772 1514 omnes
786 1470 839 1514 res
855 1449 982 1515 maiore
997 1447 1140 1514 aetheris
1161 1457 1264 1535 atque

120 1549 204 1616 aeris
218 1548 251 1616 vi
272 1535 446 1638 correptas
466 1557 500 1614 et
516 1549 550 1612 in
567 1549 684 1615 orbern
705 1549 847 1637 agitatas
867 1548 986 1635 fuisse,
1011 1548 1188 1616 verisimile
1203 1558 1262 1616 est.

117 1649 211 1718 Tum
235 1646 279 1714 ad
292 1649 439 1715 enndem
456 1658 585 1716 motum
599 1648 797 1718 circularem
817 1660 970 1738 spectare
989 1648 1142 1734 videtur,
1167 1649 1263 1737 quod

77 1791 86 1800 -
117 1759 242 1818 terram
260 1750 505 1817 conformatam
522 1773 592 1817 esse
606 1749 741 1818 dicebat
760 1748 932 1841 Diogenes
946 1742 1043 1822 aava?
1056 1743 1122 1844 τήν
1139 1754 1176 1821 ἐκ
1194 1749 1264 1822 τοῦ

118 1851 266 1945 θερμοῦ
281 1844 504 1944 περιφοράν,
520 1873 622 1938 quam
638 1852 777 1940 quidem
795 1845 1002 1946 capracorio
1021 1850 1082 1917 nisi
1098 1849 1143 1917 ad
1159 1852 1263 1918 talem

117 1962 250 2020 motum
267 1952 465 2021 circularem
490 1953 630 2038 referas,
655 1952 712 2020 vix
732 1953 895 2037 invenias,
920 1975 989 2041 quo
1006 1951 1188 2020 commode
1205 1975 1262 2018 re-

118 2053 200 2120 ferri
228 2053 343 2142 possit.
377 2053 476 2142 (Vid.
500 2074 576 2143 cap.
603 2051 681 2144 70.)
734 2055 885 2122 Similem
912 2064 1042 2121 motum
1063 2052 1261 2121 circularem

118 2155 357 2246 Anaxagoram
374 2155 541 2239 statuisse,
556 2163 636 2222 nota
657 2178 709 2223 res
722 2164 787 2223 est:
814 2151 908 2224 cuius
924 2157 1061 2222 omnino
1076 2154 1261 2222 demando

119 2255 300 2326 condendo
316 2257 476 2324 sententia
496 2279 564 2324 non
584 2265 655 2324 tam
677 2257 807 2325 diversa
833 2266 882 2325 est
899 2280 921 2324 a
942 2257 1104 2347 Diogenis
1120 2257 1261 2338 ratione,

119 2379 222 2446 quam
247 2358 358 2449 primo
380 2359 543 2449 adspectu
565 2358 707 2444 videtur.
765 2359 917 2444 Uterque
940 2359 1030 2422 enim
1057 2347 1262 2442 simpliciora

118 2459 285 2550 quaedam
300 2480 446 2551 corpora
460 2482 530 2528 esse
547 2459 669 2549 posuit,
686 2457 837 2543 equibus
852 2451 1005 2546 singulae
1018 2478 1071 2524 res
1086 2455 1261 2540 orirentur,

118 2562 153 2628 in
182 2582 293 2646 eoque
313 2561 458 2627 maxime
476 2559 647 2647 utriusque
669 2559 850 2625 sententiae
871 2557 1041 2625 diversitas
1069 2556 1180 2646 posita
1201 2566 1260 2642 est,

119 2659 214 2749 qnod
229 2661 447 2750 Anaxagoras
464 2658 602 2747 quidem
617 2660 661 2726 ab
678 2670 813 2726 aeterno
826 2669 981 2748 tempore
1002 2681 1042 2725 ea
1055 2658 1155 2725 fnisse
1167 2657 1258 2742 talia,

120 2760 231 2850 qualia
248 2768 337 2840 sunt,
363 2782 569 2849 semperque
581 2783 716 2828 manere
738 2759 925 2839 dictitabat;
951 2761 1121 2850 Diogenes
1143 2769 1260 2827 contra
1367 2775 1371 2782 ’

121 2862 233 2929 omnia
247 2882 290 2946 ex
307 2867 385 2928 aiire
398 2882 465 2928 non
480 2863 607 2946 solnm,
632 2862 728 2950 quasi
745 2863 916 2930 communi
935 2885 1051 2930 eorum
1065 2861 1177 2944 fonte,
1196 2859 1260 2926 de-

119 2962 265 3045 rivabat,
291 2961 349 3028 sed
375 2962 493 3050 quovis
513 2965 613 3031 etiam
633 2973 788 3052 tempore
806 2963 893 3032 inter
912 2987 986 3032 sese
1007 2960 1262 3054 transpormtrri

115 3085 224 3157 posse
250 3064 492 3142 contendebat;
517 3066 590 3149 vel,
606 3074 654 3134 ‚ut
673 3065 745 3134 aliis
761 3066 871 3133 verbis
891 3066 983 3133 idem
1001 3064 1133 3145 dicam,
1158 3083 1262 3149 qnam

120 3167 341 3254 Anaxagoras
365 3167 477 3232 statuit
503 3167 695 3250 materiam,
725 3189 769 3232 ea
787 3188 900 3234 rernm
921 3165 1045 3234 semina
1071 3162 1263 3232 continebat
1315 3153 1317 3168 ⁴

122 3265 301 3359 ἐνεργείᾳ,
326 3275 432 3351 quam
446 3288 527 3334 vero
542 3266 730 3356 Diogenes,
756 3263 918 3355 δυνάμει.
970 3264 1041 3332 Sed
1060 3271 1098 3330 ut
1120 3262 1164 3328 ad
1183 3282 1260 3328 mo-

123 3375 195 3434 tum
208 3367 307 3432 istnnr
320 3365 518 3434 circularem
532 3377 695 3446 revertar,
720 3375 860 3454 uterque
882 3365 1006 3431 eumin
1020 3386 1113 3431 snam
1131 3361 1261 3430 doctri·

121 3488 199 3535 nam
222 3467 425 3536 transtulisse
445 3467 578 3537 videtur
597 3490 639 3535 ex
659 3467 827 3555 Leucippi
843 3463 1084 3554 philosophia,
1109 3461 1260 3551 quipri-

122 3578 279 3636 mustum
303 3567 336 3635 in
354 3567 611 3657 philosophiam
631 3568 722 3635 hanc
734 3589 807 3633 rem
827 3566 1064 3634 introduxerat.
1116 3563 1214 3647 Quae
1233 3562 1260 3628 si

122 3677 217 3736 recte
230 3669 379 3756 exposita
392 3678 485 3754 sunt,
510 3670 585 3737 talis
604 3671 676 3737 fere
702 3668 796 3755 apud
816 3666 1006 3758 Diogenem
1028 3664 1144 3732 mnndi
1166 3674 1258 3732 ortus
1321 3673 1323 3680 '

124 3768 325 3857 cogitandus
352 3792 423 3838 esse
443 3771 585 3838 videtur.
636 3770 744 3839 Simul
763 3791 804 3838 ac
832 3790 885 3836 res
910 3768 1077 3858 simplices
1099 3773 1176 3833 aere
1202 3771 1261 3831 ant

124 3867 330 3939 condensato
343 3879 399 3937 aut
413 3871 580 3940 rarefacto
594 3883 671 3940 nata
692 3879 805 3951 erant,
830 3862 949 3965 νόησις
970 3893 1025 3937 aas
1047 3866 1198 3955 impulit,
1223 3867 1261 3930 ut

124 3991 213 4061 gyro
241 3979 461 4040 moverentur.
514 3973 593 4054 Quo
615 3983 726 4040 autem
747 3992 902 4059 quaeque
924 3992 1038 4038 earnm
1066 3967 1196 4034 tenuior
1217 3987 1260 4035 ac

124 4071 233 4138 levior
252 4081 340 4153 erat,
368 4093 410 4138 eo
431 4072 559 4140 maiore
578 4074 750 4143 celeritate
766 4072 955 4159 ferebatur3
980 4090 1050 4158 quo
1071 4068 1205 4136 densior
1226 4072 1260 4134 et

126 4174 280 4262 gravior,
307 4195 349 4240 eo
373 4172 498 4241 tardius
511 4175 731 4263 procedebat.
781 4172 872 4242 Hinc
889 4173 1018 4241 iactum
1040 4177 1107 4255 est,
1132 4177 1170 4236 nt
1189 4167 1259 4235 dis·
1317 4245 1318 4250 ρ

127 4275 258 4362 parium
281 4281 464 4366 corporum
483 4276 672 4367 particulae
692 4275 779 4344 inter
802 4295 876 4343 sese
894 4271 1130 4342 divellerentur
1142 4283 1184 4340 'ac
1203 4290 1259 4336 se·
1308 4259 1314 4274 ’

178 4405 336 4453 oronnam.
1014 4387 1041 4458 Β
