2942 4996
196 409 240 492 aa
596 418 692 485 cnr.
721 421 774 488 ro.
797 413 848 488 ar.
871 415 923 489 aa.

196 589 361 669 macbe'ro
379 589 510 686 placat,
534 585 604 662 sire
628 591 748 670 diversi
770 593 858 676 loci,
887 592 922 660 in
948 589 1070 681 quibus
1093 573 1347 679 magensem,
1447 559 1448 630 ἶ

199 721 287 790 quae
312 693 531 786 exposuisset,
565 695 895 780 commemoraverit,
929 689 1149 782 sSimplicio
1175 691 1211 758 in
1239 713 1349 760 unum

198 797 368 873 coniuncti
390 799 614 888 sunt,·qualls
637 799 738 866 etiarn
760 820 848 867 nunc
866 798 901 865 in
916 797 957 864 ir.
975 795 1024 865 lv
1047 795 1188 886 legitura
1214 791 1259 875 eir
1279 797 1346 868 ‹ic-
1448 853 1449 902 7

198 896 358 998 δὴλωται
374 905 412 974 ἐν
428 901 513 997 τῇδε
529 902 576 997 τῇ
595 901 783 997 συγγραφῇ
799 901 992 996 ἐμφανέως.
1051 917 1054 924 ’

210 1027 212 1034 ’
298 1033 385 1126 (iap-
411 1033 472 1109 21.
496 1123 499 1130 ,
524 1035 696 1107 Effectum
717 1036 921 1132 igiturboc‚
947 1055 1049 1102 unum
1067 1031 1165 1100 luisse
1181 1032 1347 1122 Diogenis

197 1137 339 1223 librum,
366 1138 459 1207 cuius
474 1137 613 1230 quiderir
631 1138 748 1210 notitia
762 1139 806 1206 ad
820 1161 881 1206 nos
896 1135 1058 1229 pervenit,
1084 1133 1165 1229 περὶ
1186 1129 1321 1228 φύσεως
1330 1161 1345 1224 ‚·

197 1248 299 1334 atque
317 1262 358 1307 ex
372 1239 443 1309 hoc
460 1240 554 1312 fonte
574 1241 702 1323 omnia,
727 1263 816 1328 quae
835 1249 1026 1331 supersunt,
1053 1247 1087 1306 et
1102 1237 1291 1327 fragmenta
1311 1245 1349 1303 et

198 1365 256 1426 ea,
282 1364 370 1438 qnae
387 1341 550 1433 Diogenis
574 1341 700 1433 placita
721 1344 765 1408 ab
786 1341 857 1410 aliis
878 1341 1070 1426 traduntur,
1097 1339 1178 1404 olim
1201 1339 1348 1423 fluxisse,

197 1444 402 1516 censendum
416 1456 475 1513 est.
527 1445 606 1528 Quo
629 1445 665 1511 in
681 1443 769 1512 libro
792 1432 876 1512 teste
890 1441 1065 1531 Simplicio
1073 1435 1104 1531 1)
1125 1438 1196 1507 boc
1210 1441 1349 1530 potissi-

198 1571 291 1620 mum
313 1549 454 1639 agebat,
481 1556 517 1615 ut
541 1546 747 1630 ostenderet,
780 1543 922 1615 multum
942 1546 975 1612 in
997 1541 1164 1634 principio
1187 1564 1246 1608 suo
1270 1541 1290 1608 i.
1307 1540 1347 1609 e.

198 1639 277 1718 atire
299 1674 370 1718 esse
393 1644 564 1747 aeriusorcj
589 1649 683 1741 quod
705 1650 797 1718 idem
820 1649 1009 1740 fragmenta
1032 1646 1141 1726 etiam,
1157 1642 1282 1713 docent
1303 1664 1347 1710 ex

197 1751 292 1826 initio
315 1754 394 1828 libri
415 1762 554 1826 servata.
605 1755 764 1823 Attamen
789 1774 894 1841 quum
921 1749 1113 1840 Simplicius
1135 1750 1170 1815 in
1195 1742 1347 1838 legendo

196 1853 362 1946 Diogenis
386 1877 490 1944 opere
512 1879 580 1924 non
602 1857 691 1925 ultra
719 1858 864 1947 primam
891 1853 961 1922 eius
988 1861 1119 1943 partem
1150 1869 1349 1940 progressus

131 1953 138 1964 “
199 1977 270 2021 esse
284 1955 454 2039 videatur,
480 1957 610 2048 quippe
631 1959 689 2043 qui
706 1958 831 2042 ubique
847 1955 1001 2048 proferat
1016 1977 1072 2036 ea,
1098 1975 1184 2039 quae
1201 1951 1348 2040 eprimo

197 2054 285 2123 libro
300 2052 419 2122 hausta
436 2076 507 2123 esse
520 2077 561 2122 ex
574 2056 648 2144 ipso
664 2064 805 2137 constat,
830 2076 941 2146 neque
956 2075 1094 2141 usquam
1109 2061 1243 2141 praeter
1257 2051 1349 2119 haec

198 2155 281 2225 alia:
307 2155 467 2224 iudicium
481 2154 607 2224 eiusde
627 2155 835 2228 bactantum
852 2155 929 2223 libri
947 2163 1042 2245 parte
1058 2152 1190 2236 valere,
1216 2153 1349 2222 clarum

198 2265 256 2327 est.
306 2255 388 2329 Hoc
400 2266 513 2325 autem
535 2259 751 2327 confirmatur
765 2281 826 2345 eo,
852 2257 983 2352 quode
1002 2255 1349 2346 Galenc'liiogenenr

197 2358 407 2431 insecundo
434 2356 535 2452 περὶ
563 2355 732 2455 φύσεως
764 2360 854 2434 libro
879 2361 1032 2432 novimus
1062 2358 1349 2449 degeneratione

197 2459 343 2530 hominis
364 2462 473 2553 egisse
490 2457 537 2552 2).
566 2465 643 2531 'Ex
663 2463 717 2530 bis
740 2473 853 2530 autem
873 2461 1020 2552 vestigiis
1040 2460 1213 2552 Diogenes
1234 2461 1347 2550 primo

199 2564 289 2635 libro
306 2564 474 2655 copiosius
489 2565 533 2633 tle
549 2561 642 2668 ἀρχῇ
655 2565 755 2662 vique
773 2566 835 2634 ista
854 2565 1024 2647 rationali,
1049 2586 1151 2656 quam
1166 2565 1197 2632 ei
1216 2564 1347 2630 insitam

197 2669 380 2750 statuebat,
407 2668 613 2760 exposuisse;
638 2670 673 2735 in
690 2669 819 2761 reliqua
840 2690 921 2737 veto
939 2665 1051 2757 operis
1074 2676 1171 2759 parte
1195 2665 1347 2762 singula-

197 2791 273 2844 rum
294 2793 406 2846 rerum
424 2792 465 2840 ex
479 2778 556 2837 aere
577 2773 724 2864 origines
741 2771 929 2845 declarasse
945 2769 1086 2838 videtur.
1281 2769 1285 2780 '

211 2971 215 2978 ,
299 2900 386 2992 Cap.
413 2902 474 2971 22.
505 2905 684 2976 .Ceterum
708 2908 871 3000 Diogenis
901 2907 986 2976 liber
1011 2905 1079 2974 iarn
1102 2902 1195 2996 apud
1216 2909 1345 2972 veteres

197 3002 273 3072 satis
290 3025 384 3091 rarus¹
401 3003 501 3074 fuisse
522 3006 673 3093 videtur,
698 3032 804 3098 quum
825 3012 859 3080 in
876 3010 994 3099 paucis
1013 3003 1140 3076 tantum
1162 3007 1231 3074 eius
1248 3007 1347 3098 frag-

195 3113 309 3190 menta
331 3115 469 3180 exstent.
518 3108 592 3182 lam
619 3109 779 3186 Galenus
797 3111 845 3201 (Ι.
861 3111 907 3200 1.)
930 3111 992 3182 sibi
1013 3110 1104 3178 hunc
1125 3109 1248 3178 librum
1276 3130 1346 3176 non

198 3208 379 3278 occurrisse
400 3210 555 3284 affirmat.
607 3213 831 3299 Nouissimas,
864 3235 966 3303 quem
987 3213 1097 3304 ipsum
1116 3210 1279 3300 Diogenis
1300 3211 1346 3275 li-

195 3312 295 3381 brum
308 3314 469 3408 manibus
496 3323 653 3386 tractasse
679 3325 826 3402 constat,
853 3325 903 3384 est
923 3315 1133 3406 Simpliciusr,
1163 3313 1255 3383 cuius
1269 3312 1345 3380 'cu-

194 3415 517 3509 riosaediligeutiae
532 3418 734 3512 fragmenta,
761 3443 850 3509 quae
862 3417 907 3487 ati
927 3439 987 3486 nos
1008 3425 1240 3508 pervenerunt,
1254 3413 1345 3482 ‹luo-

195 3513 259 3582 bus
283 3521 446 3608 exceptis,
474 3520 634 3589 debemus
657 3523 788 3606 omnia,
821 3543 927 3610 eaque
956 3522 1033 3588 satis
1059 3528 1214 3588 accurate
1235 3526 1345 3584 trans-

195 3616 338 3708 scripta,
365 3627 401 3686 ut
421 3621 508 3686 solet
527 3624 663 3692 eximius
684 3625 743 3692 hic
762 3625 814 3690 vir
829 3623 863 3688 iu
881 3623 1002 3691 talibus
1019 3623 1152 3691 versari.
1205 3622 1343 3689 Praeter

195 3715 404 3812 fragmenta,
438 3743 526 3808 quae
544 3723 738 3812 Simplicius
767 3725 890 3807 habet,
924 3734 1091 3793 servatum
1112 3733 1161 3794 est
1182 3724 1259 3790 libri
1279 3722 1343 3789 iui-

194 3818 277 3889 tium
305 3842 326 3886 a
349 3819 515 3915 Diogene
541 3816 703 3914 buiriis,
742 3826 790 3896 uti
816 3849 918 3924 supra
946 3819 1014 3898 iam
1042 3833 1341 3899 commemoratum

195 4013 404 4026 Ἠ

262 4123 294 4193 1)
311 4143 339 4193 p.
356 4121 399 4180 82.
417 4123 444 4178 b.
462 4117 493 4178 iv
510 4117 542 4179 ti
557 4141 586 4192 rs
602 4125 643 4197 rui
657 4107 722 4193 ascl
741 4124 868 4197 φύσεως,
895 4119 913 4180 t
929 4129 987 4181 reis
1005 4122 1098 4182 uisuri
1121 4122 1212 4195 μόνον
1237 4122 1277 4186 εἰς
1293 4115 1341 4187 ἐμὲ

193 4183 282 4274 vitoe,
304 4196 469 4261 scortorum
486 4190 537 4262 μὲν
555 4189 605 4251 διὰ
620 4196 731 4251 πολλῶν
755 4197 860 4265 δεῖξαι,
890 4191 934 4254 ὅτι
949 4195 980 4254 lv
997 4199 1032 4271 τῇ
1048 4191 1103 4260 riar'
1119 4193 1212 4252 αὐτοῦ
1228 4193 1340 4262 τεθείῡῃ

195 4261 267 4346 «ezri
283 4257 341 4317 ἐστι
355 4259 453 4350 νόησις
467 4259 564 4332 uetiti.

208 4361 218 4448 p'
262 4358 294 4429 2)
308 4363 333 4415 1.·
345 4380 418 4432 supr.
436 4365 480 4423 cit·
