2966 4990
531 491 536 498 Ι
616 385 815 468 canta
924 375 927 382 ’
1214 397 1275 466 ιιι
1397 475 1400 478 ,

6 631 10 668 ι
135 561 195 637 25·
221 587 258 660 p·
271 554 358 640 5⁰8·
409 565 481 640 Sed
502 567 548 638 de
561 569 701 661 singulis
718 543 903 638 accuratius
918 567 1101 658 agendum.
1152 548 1278 640 Aeso.

6 675 13 696 '
135 671 358 761 lem'qnidem
377 681 506 743 certum
521 681 570 741 est
583 673 651 741 ianr
667 669 767 738 fuisse
781 693 823 738 eo
837 679 1008 761 ternpore,
1020 693 1105 760 quo
1121 672 1181 740 ista
1198 695 1280 739 eva-

134 775 267 865 poratio
281 773 437 844 exsistere
461 774 592 864 coepit,
619 774 646 842 si
661 773 800 862 quidem
813 772 916 864 ipsius
935 773 1049 842 calore
1073 773 1197 842 effecta
1213 770 1280 843 esta¹

134 875 225 944 unde
237 876 271 943 in
286 876 395 966 prima
409 878 519 944 statim
535 899 648 944 rerum
660 876 844 942 secretione
861 884 972 942 ortum
992 891 1064 944 ‘esse
1087 876 1193 943 solem
1214 897 1280 966 ap-

133 986 247 1068 paret,
270 978 434 1046 leviorum
447 977 735 1069 particularumlin
748 976 974 1067 superioribus
988 978 1183 1068 regionibus
1196 999 1282 1047 con-

134 1079 334 1170 globatione
349 1079 457 1164 facta,
484 1080 583 1146 simili
596 1089 731 1169 prorsus
746 1081 875 1146 ratione
893 1079 940 1164 ei,
959 1101 1026 1166 qua
1039 1090 1190 1148 terrenae
1203 1102 1281 1171 pas-

134 1182 257 1250 tioulae
271 1181 306 1248 in
318 1180 530 1251 inferioribus
548 1182 633 1250 locis
649 1181 999 1270 conglomerabantnr.
1051 1181 1092 1248 ld
1110 1203 1151 1250 ex
1164 1179 1281 1252 Euse-

134 1281 192 1352 bio
203 1284 300 1372 (loeo
314 1305 415 1372 supra
431 1282 587 1373 laudato)
612 1284 702 1352 clare
726 1281 939 1373 intelligitur,
965 1283 1069 1372 quiin
1085 1303 1131 1352 ¹eo
1154 1293 1282 1356 tantum

133 1383 207 1452 falli
232 1383 380 1468 videtur,
406 1384 500 1472 qaod
527 1407 568 1453 ex
588 1385 761 1452 levissimis
788 1385 975 1471 quibusque
1000 1384 1150 1473 partibus
1176 1387 1282 1456 solem

134 1487 359 1574 compositum
385 1508 457 1554 esse
484 1487 541 1557 ait.
605 1486 761 1572 Namque
796 1485 945 1550 omnium
970 1505 1082 1551 rerum
1115 1483 1282 1554 levissima

135 1587 416 1672 subtilissimaque
440 1585 536 1654 haud
564 1584 668 1658 dubie
693 1594 743 1653 est
769 1585 905 1672 aether,
932 1584 1026 1654 cuius
1051 1584 1136 1654 radii
1160 1586 1194 1653 in
1221 1609 1282 1656 ca·

133 1708 252 1756 vernas
277 1695 311 1754 et
335 1686 518 1771 stramina,
558 1687 678 1774 quibus
712 1686 839 1778 pumici
864 1687 978 1754 similis
987 1683 1019 1778 1)
1045 1687 1194 1757 scatebat
1213 1689 1281 1775 sol,

133 1788 318 1858 incidentes
341 1787 416 1877 ipsa
441 1788 620 1855 subtilitate
645 1811 704 1856 sua
728 1807 987 1884 usquequaque
1013 1785 1204 1880 penetrasse
1229 1791 1281 1880 ip·

135 1892 229 1978 sique
254 1891 472 1980 splendorem
498 1889 597 1956 simul
624 1897 657 1957 el
681 1892 829 1959 calorem
855 1890 1024 1960 addidisse
1049 1891 1280 1982 perhibentur.
1320 1946 1323 1952 .

134 1993 231 2062 Ainis
257 1994 346 2060 enim
372 2011 476 2080 quum
504 1991 628 2075 omnis,
653 2000 725 2060 tunr
745 1993 845 2062 calidi
871 1992 1015 2061 maxime
1029 1997 1207 2084 proprium
1222 2003 1282 2081 est,

135 2095 249 2162 omnia
283 2115 325 2162 ae
358 2094 491 2184 singula
516 2104 693 2183 penetrare
725 2104 825 2183 atque
858 2095 1011 2184 implere.
1047 2097 1109 2184 (oi.
1137 2096 1177 2168 fr.
1203 2096 1281 2186 vl.)

134 2193 239 2264 Unde
264 2193 359 2262 haud
386 2196 485 2264 facile
510 2197 705 2286 quempiam
732 2211 805 2264 esse
833 2199 995 2282 arbitror,
1029 2198 1087 2285 qui
1112 2198 1174 2266 sibi
1199 2221 1281 2287 per-

135 2297 291 2380 suadeat,
317 2296 482 2364 aethereis
503 2299 680 2387 particulis
698 2300 806 2366 solem
834 2299 931 2366 fuisse
954 2301 1147 2366 conflatum.
1184 2300 1284 2382 Quae

134 2421 239 2486 quum
265 2398 311 2466 ita
336 2399 400 2466 sint
425 2399 635 2485 eandemque
660 2401 851 2488 pumiceum
879 2409 1030 2465 naturam
1056 2399 1157 2466 lunae
1190 2408 1284 2470 cete-

134 2501 245 2587 risque
270 2498 433 2567 sideribus
458 2501 631 2588 Diogenes
655 2494 843 2586 tribuat²)‚
869 2500 924 2566 vix
942 2497 1082 2567 dubium
1110 2507 1175 2584 est,
1201 2502 1283 2588 quin

134 2600 258 2670 horum
285 2619 423 2687 quoque
447 2601 596 2665 omnium
623 2610 657 2666 et
682 2599 847 2690 originem
873 2609 906 2667 et
931 2602 1043 2668 lucem
1075 2602 1121 2668 ad
1147 2602 1283 2678 easdem

135 2723 251 2772 causas
276 2701 446 2784 retulerit,
472 2702 593 2788 quibus
619 2701 698 2770 solis
723 2711 873 2772 naturam
900 2703 1098 2792 explicabat.
1157 2705 1282 2772 Parum

134 2805 244 2894 igitur,
271 2810 427 2871 accurate
452 2793 659 2872 Plaoitorurn
687 2803 831 2893 scriptor
862 2803 972 2894 egisse
997 2804 1147 2889 videtur,
1188 2795 1288 2894 quod

136 2905 249 2974 stellas
281 2904 473 2994 Diogenem
508 2899 699 2986 διαπνοιοῖς
731 2905 801 2977 τοῦ
832 2899 971 2996 κόσμου
1004 2907 1162 2976 babuisse
1190 2907 1281 2981 dicit.

136 3006 230 3091 Quid
256 3006 370 3076 euim?
395 3029 499 3094 quum
524 3008 667 3096 pariter,
693 3008 855 3088 aosolis,
883 3008 1039 3097 pumicea
1062 3033 1175 3088 earum
1194 3034 1283 3078 mas·-

136 3132 173 3176 sa
198 3131 269 3176 asse
294 3108 441 3192 dicatur,
467 3108 540 3197 quis
566 3117 630 3192 cst,
658 3111 715 3198 qui
741 3130 783 3178 ex
808 3109 935 3195 nihilo,
972 3111 1032 3176 uisi
1058 3111 1204 3179 accensis
1229 3121 1283 3177 at-

136 3233 204 3299 que
236 3211 445 3280 inflammatis
472 3212 652 3301 saporibus
678 3233 734 3282 eas
759 3219 929 3300 constare,
981 3211 1119 3300 soleque
1151 3211 1283 3290 dudum

205 3529 237 3597 1)
256 3530 328 3584 sano.
347 3531 403 3582 Eoi.
422 3531 466 3596 pls.
484 3530 504 3594 l,
520 3529 565 3594 26,
583 3527 610 3582 3.
626 3545 652 3596 p.
669 3525 730 3580 5²8.
765 3525 902 3596 Διογένης
925 3527 1104 3595 κιοοηοοιιδῆ
1127 3521 1177 3582 ads
1194 3523 1285 3595 ἥλιον,

136 3598 175 3659 sis
193 3591 226 3652 dv
243 3594 298 3653 sisso*
316 3601 369 3653 sori
387 3598 502 3664 αἰθέρος
519 3595 628 3660 ἀκτῖνες
645 3595 916 3666 ἐναποοτηοίζοοιαι.
950 3599 1022 3650 ldam
1036 3599 1116 3648 babet
1130 3599 1284 3650 'Plreodoret

137 3669 185 3728 (ir.
204 3665 291 3720 ali’eot.
309 3685 365 3724 aar.
391 3687 416 3735 p.
435 3669 486 3732 as,
502 3669 553 3721 212
582 3668 763 3734 ιιιοσηοοιιδῆ
788 3664 817 3720 δὲ
841 3663 977 3734 Διογένης
1005 3661 1065 3731 (adv
1083 3661 1163 3749 ᾔλιον
1179 3667 1226 3720 sal
1243 3683 1286 3720 οε-

136 3731 249 3802 λὴνην.)
286 3736 439 3800 Bussenius,
457 3737 503 3803 (ad
521 3737 596 3790 Stob.
614 3735 698 3801 1,25,
719 3739 742 3787 l.
759 3753 785 3804 p.
804 3734 869 3803 5⁰8)
889 3743 994 3802 propter
1009 3752 1041 3788 aa
1057 3734 1171 3804 Diogeni
1187 3751 1285 3799 corpo-

136 3820 169 3856 ra
186 3804 310 3855 coelestia
336 3805 437 3871 pumici
454 3805 553 3858 similia
576 3805 813 3870 circumsepiunt,
841 3805 909 3870 quod
928 3804 1058 3871 pumicem
1079 3821 1128 3873 pro
1151 3803 1286 3856 levissimo

136 3871 225 3937 lapide
240 3871 370 3926 babuerit.
407 3873 457 3924 (lui
474 3873 525 3923 viri
543 3873 682 3925 clarissimi
700 3873 842 3924 sententiaa
859 3873 978 3938 quamvis
994 3889 1046 3924 non
1063 3887 1216 3940 repugnem,
1234 3869 1286 3920 mi-

136 3940 167 3992 lri
185 3945 272 4059 trbmsn
290 3940 377 4009 magis
393 3941 427 3994 ad
445 3957 617 3994 cavamosam
633 3947 660 3994 es
673 3939 775 3994 asidam
792 3941 903 4009 pumicis
920 3948 1042 3996 naturam
1059 3947 1193 4008 spectasse
1212 3937 1286 3990 side-

137 4016 183 4062 tus
223 4008 338 4078 iugenss.

205 4110 239 4178 2)
256 4111 357 4164 busan
374 4111 526 4178 appellohat
542 4115 608 4164 testa
625 4111 765 4174 &abacos
772 4109 815 4164 21.
833 4128 859 4179 p.
870 4109 931 4164 552.
949 4103 1140 4178 ssoonpossdlo
1157 4091 1282 4173 drappis.

138 4179 179 4231 De
196 4179 279 4232 stellis
301 4179 336 4232 ci.
360 4181 431 4234 sset.
448 4180 469 4240 Ι,
492 4179 537 4232 2⁵.
554 4197 579 4246 p.
597 4177 659 4233 5⁰8.
694 4177 831 4246 Διογένης
847 4179 1027 4246 κιοσηροειδῆ
1051 4173 1087 4231 sol
1105 4171 1203 4243 daucos,
1222 4179 1284 4229 dsc-

139 4243 239 4310 ssvosolc
258 4244 289 4302 dl
307 4241 382 4304 suiad
399 4249 505 4316 νομίζει
516 4251 570 4304 τοῦ
586 4243 702 4314 κόσμον.
720 4243 791 4300 εἶναι
813 4246 843 4304 dl
861 4246 994 4318 διάπυροι.
1030 4248 1065 4300 cf.
1079 4247 1174 4300 Esssob.
1193 4261 1283 4314 praep.

139 4331 234 4382 evang.
252 4317 309 4378 XV,
326 4333 355 4385 p.·
369 4315 430 4370 889.
461 4318 552 4370 Placit.
569 4319 603 4380 ll,
621 4316 647 4378 8,
665 4333 693 4384 p.
709 4316 770 4368 lus.
