2966 4990
380 459 383 466 ·
470 409 649 518 cunm
688 433 959 516 ‘notumve
1117 480 1125 491 -
1235 461 1280 526 ης

138 645 225 714 ρος.
262 619 428 714 ὅμοιον
455 623 503 696 dd
527 623 669 697 τοῦτο
698 617 750 696 nd
774 615 953 718 θορμάν
978 620 1166 706 ου’δονάς
1191 627 1276 702 τάν

136 716 256 807 ζώων
289 724 442 810 ἐστίν,
484 725 580 798 ἐπεὶ
604 721 713 797 οὐδὲ
737 725 824 797 τοῖν
849 719 1105 820 ἀνθρώπων
1135 723 1277 825 ἀλλή-

135 827 253 904 λοις·
290 821 404 898 ἀλλά
430 828 652 922 διαφέρει
675 827 793 918 μέγα
819 827 901 917 μὲν
928 825 999 913 ον’,
1039 823 1135 899 ἀλλ’
1162 827 1276 904 sione

127 921 440 1022 Ιιτοιροιττλήσιιι
480 927 618 1017 εἶναι,
661 925 711 1001 οὐ
749 928 915 1018 μέντοι
962 923 1182 1021 ἀτρεκέως
1229 959 1277 1024 γι

137 1025 305 1119 ὅμοιον
345 1024 428 1102 ἑόν.
473 1027 605 1103 οὐδὲν
640 1025 677 1103 d'
719 1021 877 1105 οἶόντο
915 1033 1146 1121 γενέσθαι
1186 1033 1276 1104 τοῖν

135 1133 512 1226 ἑτεροιοομένων
543 1137 701 1228 ἕτερον
733 1132 918 1230 ἑτέρον,
954 1131 1058 1228 πρὶν
1084 1126 1137 1206 so*
1162 1127 1276 1209 alind

133 1341 224 1390 mam,
249 1343 329 1394 quam
351 1328 434 1380 Anax.
458 1327 492 1383 fr.
509 1327 535 1381 4.
557 1327 688 1398 integram
721 1327 763 1381 ct.
780 1327 876 1381 Heind.
898 1327 932 1380 ad
950 1328 1064 1398 nuthyt.
1082 1331 1107 1394 §-
1123 1329 1167 1383 15.
1189 1329 1277 1385 Anne.

131 1395 258 1451 servavit.
386 1397 388 1410 ¹
721 1396 755 1449 ir.
773 1395 798 1450 5.
818 1393 884 1452 οὔτε
900 1396 952 1464 peip
969 1399 1023 1451 eod
1040 1401 1159 1463 σμικροῦ
1174 1399 1205 1467 γέ
1221 1399 1277 1454 ἐστι

129 1501 132 1508 -
169 1461 302 1531 ὅμοιον
327 1459 363 1518 di
391 1464 505 1518 corito
530 1458 570 1520 τά
600 1465 688 1530 θερ-
720 1461 784 1531 τόγε
807 1462 966 1532 ἐλάχιστον,
993 1461 1057 1518 ἀλλ’
1082 1464 1197 1520 Studien
1222 1465 1277 1522 sini.

132 1532 201 1599 μᾶν
219 1561 251 1572 -
271 1531 380 1601 ἐστιν]
404 1534 507 1600 supple:
533 1536 573 1603 τῷ
591 1534 689 1602 θερμῷ
718 1535 788 1585 Eur.
813 1534 868 1586 ion.
891 1532 969 1585 1634.
992 1534 1073 1584 Arist.
1097 1535 1174 1602 plrye.
1199 1535 1233 1598 2,
1250 1535 1277 1588 4.
1299 1553 1303 1564 ·

132 1605 191 1656 τοῖν
208 1599 309 1668 ἑτέρων
322 1601 407 1664 ζώων.
426 1603 536 1656 τοῦτο
554 1597 592 1654 eo*
610 1604 690 1665 θερ-
723 1601 814 1655 καίτοι
832 1618 875 1669 γε,
899 1601 926 1652 sl
943 1595 1033 1660 οὕτως
1051 1597 1119 1667 ἔχει,
1145 1600 1231 1656 τοῦτο’
1248 1621 1277 1671 pa

132 1669 211 1736 μόν,
227 1670 247 1722 i.
256 1687 279 1721 e.
298 1665 369 1737 αὕτη
386 1665 404 1736 ἡ
422 1666 565 1737 θερμότης
580 1671 633 1724 τοῦ
645 1667 691 1725 ἀέ-
724 1664 795 1724 τιν’τά
805 1663 1064 1734 delenimentum.
1083 1670 1151 1723 Plnt.
1164 1672 1277 1724 Phaedr.

134 1756 185 1807 ρος
202 1739 254 1792 τοῦ
272 1735 302 1791 ἐν
319 1745 378 1800 τοῖς
396 1733 475 1801 ζώοις
494 1734 585 1800 ὄντος.
723 1736 848 1805 112414.
863 1740 1003 1804 καίτοιγε,
1022 1733 1101 1807 ᾤμην
1116 1757 1155 1806 ys,
1173 1742 1277 1806 μεοοιῖκ

168 1805 244 1860 ἐπεὶ
271 1803 359 1860 οὐδὲ
383 1809 451 1858 τῶν
477 1801 690 1871 ἀνθρώπων
723 1802 822 1860 αὐτόν.
857 1805 967 1858 Minime
990 1823 1055 1858 vero
1078 1806 1106 1858 iu
1128 1808 1278 1862 notionibus

133 1869 322 1943 ἀλλήλοις]
340 1873 418 1943 purim
435 1891 468 1926 ne
485 1875 615 1928 dominnm
632 1875 691 1942 pni-
723 1879 778 1928 tem
795 1878 867 1926 nnete
882 1874 949 1926 inter
966 1890 995 1924 se
1010 1879 1037 1926 et
1052 1876 1179 1929 sententia
1195 1885 1221 1930 at
1238 1878 1277 1929 lo-

132 1943 192 1996 dent
208 1947 277 1997 inter
293 1961 320 1996 se
345 1943 386 1994 in'e
411 1943 481 1994 calor
503 1945 625 1996 animulis
638 1960 691 2010 pm·
723 1959 755 1995 οο
771 1941 927 2006 coniunctis,
944 1959 973 2008 pe
989 1942 1080 1996 iterari
1096 1949 1188 2010 potest.
1203 1946 1277 2012 Qua-

131 2015 167 2066 eit
184 2021 210 2066 et
227 2014 305 2064 idem.
339 2011 397 2064 Non
415 2011 511 2064 mirum
535 2029 592 2063 esse
616 2011 691 2076 dicit,
721 2028 751 2064 re
768 2010 853 2062 delevi
874 2010 1004 2077 posterius
1021 2027 1068 2078 pn,
1089 2015 1277 2067 netum·lraud

131 2079 350 2143 inanimalibus,
367 2096 479 2147 quorum
496 2085 645 2148 totgenera
662 2085 688 2132 et
721 2078 801 2131 dubie
826 2095 858 2129 ax
879 2077 969 2132 ionica
995 2079 1081 2133 iorma
1109 2079 1165 2138 ἐόν.
1201 2082 1277 2136 Salat

131 2155 266 2217 tantopere
287 2149 355 2200 iuter
381 2165 409 2198 se
430 2149 604 2214 discrepantia
627 2147 687 2208 sint,
720 2146 791 2199 euim
808 2145 835 2198 iu
851 2147 948 2199 talibus
971 2147 1112 2213 adverbio,
1136 2150 1231 2218 quippe
1248 2151 1276 2203 iu

131 2219 276 2270 monimum
304 2215 459 2268 varietatem
487 2234 542 2268 esse
564 2215 685 2283 ingenio·
718 2233 771 2283 qua
787 2215 828 2266 vis
851 2212 992 2270 sententiae
1015 2218 1168 2272 coniunctae
1192 2219 1277 2285 posita

130 2303 200 2349 rum,
218 2303 298 2354 quum
315 2302 348 2336 ne
363 2285 390 2336 iu
407 2285 558 2338 hominibus
571 2285 684 2350 quidem,
719 2284 761 2345 eit,
779 2284 929 2338 adhaerere.
947 2285 987 2337 ct.
1007 2285 1077 2340 Ptat,
1095 2287 1229 2341 Charmid.
1247 2306 1274 2356 p.

79 2409 84 2422 ,
131 2357 178 2422 qui
194 2357 310 2408 eiusdem
333 2351 384 2406 siut
400 2354 514 2423 generis,
536 2356 627 2407 eadem
644 2353 686 2406 iu-
718 2353 811 2406 1631).
829 2352 873 2419 (p.
889 2351 949 2406 82⁰.
968 2354 1055 2421 aen.)
1081 2350 1117 2408 ori
1139 2351 1194 2424 peip
1218 2373 1276 2410 τιον

131 2422 199 2477 dolis
215 2423 284 2476 ratio
300 2421 457 2479 invenietur.
719 2415 794 2476 οὕτω
812 2437 842 2487 γε
859 2414 894 2488 ἦν
911 2417 1027 2488 εὐήθης.

165 2488 538 2560 ἀλλάδιαφὲρτιμέγοι
554 2487 616 2558 μὲν
635 2482 685 2554 nti,
754 2483 867 2542 οὐδὲν
901 2483 932 2540 θ’
958 2485 1077 2542 οἷόντε
1106 2485 1276 2554 γενέσθαι

132 2557 205 2616 ἀλλ’
222 2584 258 2600 ·-’
275 2559 384 2629 εἶναι]
403 2561 456 2613 Sed
473 2560 562 2612 differt
577 2558 686 2610 interne
719 2583 750 2594 —
770 2553 809 2608 ed
833 2551 920 2608 eried
944 2552 1111 2624 γένηται]
1137 2558 1210 2610 uuila
1227 2574 1276 2612 va·

129 2631 174 2682 laio
196 2630 351 2682 animalium
375 2631 462 2690 ealon,
485 2626 558 2678 haud
582 2625 685 2690 quidem
718 2623 819 2676 riarum
835 2640 924 2676 rerum
941 2625 1058 2676 omnium
1084 2625 1154 2692 (noir
1171 2623 1276 2695 ἑτεροι-

129 2698 260 2762 multum,
283 2698 328 2747 sed
346 2700 375 2746 ut
391 2695 489 2746 similia
506 2693 557 2746 sint
573 2693 641 2744 inter
658 2709 686 2744 se
719 2690 861 2758 ονμένων)
878 2693 912 2744 nb
926 2692 1008 2745 nitere
1025 2692 1127 2746 diversa
1144 2695 1216 2747 laeta
1233 2713 1276 2748 es-

130 2766 263 2818 animnlin.
298 2765 367 2814 Rem
388 2763 427 2815 itn
450 2763 552 2830 cogitur
576 2761 686 2814 Animus
719 2775 747 2812 se
776 2764 875 2826 petest,
899 2759 975 2826 prius
992 2769 1071 2828 quem
1094 2761 1164 2814 idem
1185 2765 1275 2818 inerit.

129 2850 181 2885 non
197 2832 282 2884 solum
301 2849 348 2898 pro
362 2832 441 2888 variis
457 2830 628 2882 animantium
638 2845 686 2895 ge-
718 2829 794 2880 ttaee
816 2829 909 2880 eadem
931 2830 1058 2882 sententie
1081 2835 1135 2895 est,
1158 2847 1192 2884 ee
1207 2849 1276 2900 quae

129 2902 251 2963 neribus,
275 2901 320 2950 sed
341 2899 369 2951 in
394 2898 505 2966 singulis
523 2899 604 2950 etiam
627 2897 684 2949 ani·
717 2898 751 2948 ir.
769 2896 794 2948 2.
825 2898 1009 2962 exponebatur.
1045 2901 1097 2951 Pro
1119 2916 1170 2964 aa,
1203 2902 1276 2968 quod

129 2971 244 3022 malibus
259 2967 374 3021 eiusdem
391 2967 495 3033 generi·
511 2968 686 3030 diver-susem,
718 2964 813 3032 Simpi.
841 2967 922 3018 habet
950 2963 1045 3035 ἕτερον
1070 2964 1154 3033 ἑτέρω
1180 2970 1275 3036 aeripsi

129 3039 158 3094 in
174 3037 234 3090 aliis
250 3037 335 3088 minus
352 3038 461 3100 calidus,
478 3036 504 3088 in
517 3035 577 3090 aliis
589 3034 684 3104 magis.
717 3032 823 3101 ἑτέρον.
857 3035 916 3087 line
932 3035 1003 3088 enim
1025 3038 1049 3089 le
1070 3037 1183 3090 itimum.
1202 3039 1275 3092 Pur.

129 3106 198 3172 Equi
216 3122 240 3158 v.
260 3123 282 3157 e.
299 3106 410 3158 cnlidior
433 3105 521 3158 anima
538 3111 586 3170 eet,
604 3120 683 3170 quam
717 3105 838 3156 Pormen.
863 3119 891 3170 p.
915 3104 1010 3158 1341).
1056 3124 1135 3174 τερον
1159 3104 1273 3173 tentent,

128 3175 221 3244 pienis3
246 3175 475 3242 sed-singulorum
498 3172 577 3226 etiem
601 3189 683 3238 equo·
717 3169 794 3236 ἑνός,
814 3167 910 3239 ἑτέρον
929 3178 977 3225 net.
1011 3175 1088 3241 Quod
1105 3191 1168 3226 vero
1183 3175 1276 3229 attinet

127 3260 187 3296 rum
205 3243 267 3296 satis
284 3243 354 3294 inter
369 3260 397 3293 se
414 3243 516 3294 diverse
532 3248 593 3295 eunt
608 3241 684 3309 inge-
717 3240 752 3294 eti
774 3257 870 3292 nexum
887 3241 969 3293 huius
991 3242 1132 3294 sententiae
1153 3261 1214 3295 eum
1231 3243 1275 3307 iis,

127 3311 187 3375 nia,
214 3319 241 3364 ut
261 3311 288 3362 in
313 3311 405 3377 quovis
420 3327 523 3362 eorum
551 3309 683 3362 diversum
717 3324 785 3374 qnae
815 3315 842 3360 et
865 3316 1073 3372 antecesserunt,
1108 3317 1134 3362 et
1157 3313 1275 3376 proxime

126 3381 224 3434 iterum
240 3379 598 3446 colorisgrndumaguosenn
612 3379 683 3429 idem
717 3382 874 3442 sequuntur,
896 3377 1008 3429 miratur
1016 3379 1274 3442 solidamentum,

127 3451 160 3502 de
175 3448 284 3515 reliquis
300 3448 457 3500 animalibus
467 3447 614 3498 dicandum.
632 3445 684 3496 Sed
717 3445 763 3510 qui
782 3445 920 3510 acciderit,
945 3450 976 3496 ut
999 3444 1024 3496 iu
1050 3447 1122 3497 hune
1137 3447 1225 3499 locum
1242 3465 1275 3502 ea

126 3526 214 3572 munet
239 3526 326 3570 tumen
348 3524 374 3570 et
396 3515 500 3584 generis
517 3521 616 3566 certum
633 3513 686 3565 eli·
717 3511 883 3592 deveneript,
910 3515 1124 3580 statuendamque
1152 3514 1176 3568 ei
1199 3516 1275 3568 vide-

127 3587 349 3654 quodiagenium.
366 3581 684 3651 manetquequneomui-
716 3588 775 3642 tur,
801 3583 950 3650 generalem
973 3582 1043 3634 hane
1065 3589 1175 3636 naturae
1197 3584 1275 3650 quiesi

63 3673 68 3683 ’
126 3655 175 3707 bns
190 3655 266 3720 inest,
285 3653 367 3707 animi
383 3654 424 3706 vis
441 3660 467 3707 et
483 3658 578 3704 natura
591 3651 683 3704 eadem
715 3649 812 3717 legem.
829 3667 907 3716 quam
924 3667 1002 3716 supra
1019 3651 1073 3702 inm
1090 3654 1273 3718 proposuisset,

127 3721 156 3774 iu
175 3725 304 3776 omnibus.
601 3741 603 3744 ·
717 3719 827 3770 eandem
844 3736 926 3783 nune,
954 3722 1016 3770 aire
1032 3719 1161 3787 principio
1177 3723 1272 3789 posito,

163 3788 203 3844 οά
229 3788 357 3857 μέντοι
382 3787 569 3857 ἀτρεκέως
590 3805 627 3857 ps
645 3783 683 3842 ὅ·
717 3788 801 3839 denuo
818 3787 872 3840 inm
891 3786 1012 3854 proteri-i,
1029 3805 1140 3855 eamque
1157 3798 1273 3843 nontam

127 3875 236 3926 μοιον
254 3856 291 3912 io'
296 3861 332 3926 ν]
360 3856 496 3926 ἀτρεκέως
512 3859 606 3912 vocab.
626 3874 683 3910 esse
717 3857 749 3908 nd
767 3872 814 3918 ea,
832 3873 899 3922 quoe
916 3857 1033 3923 proxime
1050 3859 1210 3920 antecedunt,
1227 3873 1271 3907 re-

126 3926 223 3982 lnnieie
239 3929 372 3993 proprium
387 3948 435 3996 pro
450 3923 612 3996 ἀληθινῶς,
636 3923 682 3980 ὄν·
715 3924 849 3977 ferendam
867 3941 939 3989 esse,
957 3941 1036 3991 quem
1056 3927 1192 3978 universae
1208 3923 1273 3975 huie

127 4015 198 4061 τως,
216 4002 307 4048 notuur
323 4003 368 4050 est.
395 3999 491 4050 Herod.
511 3999 539 4059 l,
560 3996 602 4051 tn.
620 3997 680 4050 lto.
714 4000 927 4062 argumentorum
939 3994 1017 4046 seriei
1034 3995 1168 4060 imponere
1182 3992 1272 4055 linem,

127 4063 188 4118 159.
207 4063 267 4116 lot.
284 4063 344 4117 112.
361 4065 421 4118 tot.
447 4067 480 4128 ll,
498 4063 540 4118 49.
558 4065 680 4119 54103.
714 4079 825 4128 eamque
841 4063 986 4114 absolvere.
1015 4065 1089 4126 Qune
1106 4059 1211 4125 quidem
1227 4075 1270 4111 re-

126 4133 179 4199 ill,
196 4132 257 4185 13⁰.
282 4131 395 4195 vt11‚8.
419 4133 514 4199 simpl.
530 4136 637 4199 praebet
653 4133 681 4185 in
713 4131 805 4197 petitio
826 4135 899 4183 tento
920 4129 1008 4198 magis
1023 4127 1169 4181 nenessnria
1186 4127 1210 4180 ei
1226 4128 1271 4180 vi*

126 4203 170 4257 his
187 4198 323 4270 ἀτρεκέως
339 4217 368 4268 ys
387 4195 487 4267 ὅμοιόν
502 4217 533 4269 pe
552 4197 595 4263 ἀν.
611 4203 680 4270 quod
713 4200 804 4259 detur,
821 4215 902 4265 quum
919 4200 1051 4264 Diogenes
1067 4197 1121 4248 iem
1139 4196 1165 4250 in
1182 4214 1214 4248 eo
1229 4197 1272 4262 sit,

126 4273 236 4328 mrrexi.
269 4271 336 4324 Nem
354 4269 399 4321 ulti
415 4287 444 4338 pe
460 4269 501 4320 iris
514 4270 625 4336 ponitur,
641 4269 681 4322 di·
713 4274 742 4320 ut
760 4267 913 4320 animalium
930 4280 1010 4315 eausa
1025 4265 1111 4333 mngis
1129 4265 1162 4317 ad
1180 4267 1270 4335 singu-

17 4389 19 4396 ,
126 4355 217 4396 versae
232 4341 349 4394 notiones
364 4345 438 4403 mut,
461 4335 557 4404 quibus
570 4339 681 4393 aceedit.
711 4337 740 4390 la
755 4336 906 4405 exponentis
929 4331 1074 4386 descendet.
1106 4333 1187 4402 idque
1208 4351 1270 4388 eum

176 4448 335 4493 nroaeuns.
1019 4416 1044 4488 5
