2966 4990
583 387 760 456 cah-ul.
782 392 834 458 62.
1205 393 1270 470 tut

123 561 412 652 res‘eumpositae
437 567 522 651 sunt,
549 545 680 656 optimu
705 585 786 632 sane
809 562 880 630 iure
907 561 1073 651 appellari
1098 582 1167 630 nun
1192 571 1268 631 mo*

123 661 171 730 do
196 664 326 753 potuit,
360 665 422 734 sed
448 665 567 734 debuit
591 666 812 736 subtilissima.
865 663 991 732 Verum
1018 663 1107 733 haec
1132 681 1269 754 quoqne

34 761 39 772 ‘
123 787 144 833 e
170 766 341 834 communi
367 768 516 836 omnium
540 792 653 838 rerum
678 769 792 851 fonte,
818 773 915 849 aire,
942 775 1057 834 exorta
1083 775 1132 834 est
1155 769 1271 857 perin-

123 866 169 935 de
195 889 237 937 ae
260 869 392 959 reliqua
417 871 548 959 omnia,
588 872 694 959 idque
729 869 867 964 genuini
894 890 934 936 ae
959 869 1060 959 primi
1086 869 1171 938 ae'ris
1197 896 1272 961 pa-

122 963 240 1043 vu'nee.
292 971 407 1055 Quare
440 973 527 1040 nihil
560 973 628 1044 hae
660 996 698 1042 re
733 972 873 1063 probari
911 980 1024 1060 potest
1056 980 1172 1040 contra
1202 992 1272 1055 eoa,

123 1071 184 1158 qul
208 1066 370 1162 μανῶσει
397 1082 432 1142 et
462 1068 636 1148 πυκνώσει
663 1097 704 1144 ex
729 1082 807 1144 aetra
832 1097 885 1142 res
918 1074 1024 1144 factas
1050 1096 1121 1142 esse
1147 1082 1273 1143 statue-

123 1174 216 1241 bant.
268 1173 383 1258 Quum
408 1199 489 1244 vero
514 1176 686 1269 Diogenes
712 1177 757 1245 de
782 1183 861 1244 ae're
885 1175 919 1242 in
944 1175 1130 1264 universum
1155 1177 1274 1268 paneis

122 1283 254 1342 tantum
280 1276 390 1367 egisse
414 1301 456 1348 ae
481 1280 589 1347 statim
616 1280 661 1347 ad
688 1278 889 1370 principalia
925 1279 994 1346 eius
1026 1300 1153 1369 genera
1186 1281 1274 1348 ube·

122 1377 190 1443 rins
217 1376 438 1447 describenda
463 1382 627 1449 transiisse
652 1382 821 1464 videatur,
854 1379 957 1446 facile
982 1381 1093 1467 potuit
1117 1381 1210 1464 lieri,
1236 1389 1273 1447 nt

123 1479 252 1547 nullam
279 1502 321 1548 eo
347 1480 446 1564 loeo,
480 1483 572 1550 unde
598 1482 687 1551 haee
711 1481 907 1548 Aristoteles
932 1478 1061 1565 hausit,
1100 1482 1185 1546 ae'ris
1211 1481 1272 1546 fri-

123 1579 265 1672 gidioris
296 1582 461 1650 rationem
492 1583 654 1672 haberet,
687 1605 790 1669 quem
823 1579 963 1649 fortasse
997 1581 1097 1648 etiam
1130 1582 1272 1674 proprio

123 1681 260 1749 numine
284 1676 419 1770 ἰκμάδα
445 1683 501 1752 vel
527 1685 626 1752 simili
651 1686 804 1754 vocabat.
836 1684 890 1752 Ita
914 1690 1028 1752 autem
1049 1682 1137 1756 haec
1164 1685 1272 1753 omnis

124 1781 316 1853 difficultas
333 1784 463 1852 sublata
487 1786 630 1856 videtur.
1071 1783 1073 1788 ’

229 1952 316 2044 Cap.
342 1950 404 2022 62.
455 1953 526 2024 Sed
560 1956 737 2026 redeamus
769 1955 815 2024 ad
840 1956 911 2024 dno
936 1956 1000 2024 ista
1023 1957 1108 2024 alitis
1133 1977 1272 2047 genera,

124 2077 213 2145 quae
237 2056 441 2146 reperimns3
469 2080 579 2150 pauca
605 2060 692 2128 enim
720 2067 895 2151 supersunt
920 2057 1118 2128 adiicienda.
1154 2059 1271 2127 Primo

126 2158 214 2226 enim
241 2159 446 2247 cavendum,
482 2184 526 2234 ne
551 2163 683 2252 penitus
710 2185 750 2230 ea
775 2164 861 2232 inter
885 2184 957 2230 sese
982 2162 1129 2231 seiuncta
1155 2161 1271 2231 certis-

125 2283 193 2349 que
216 2261 339 2329 finibus
358 2262 485 2331 seclusa
511 2286 582 2332 esse
608 2264 802 2345 crerlamus3
827 2263 888 2332 sed
904 2272 1021 2333 natura
1035 2289 1094 2332 sua
1111 2265 1157 2330 ita
1174 2285 1272 2358 eorn-

123 2371 262 2454 paralae
287 2373 363 2430 sunt
387 2363 455 2433 hae
480 2367 671 2453 qualitates,
707 2376 745 2434 ut
778 2366 963 2432 admodum
990 2367 1081 2431 vario
1107 2363 1213 2430 modo
1239 2364 1274 2429 in

124 2466 225 2532 rebus
258 2466 343 2534 inter
377 2489 413 2534 se
445 2469 664 2550 coniunctae,
707 2467 848 2548 mixtae,
884 2465 1043 2532 confusae
1075 2473 1273 2555 appareant,

124 2589 236 2654 neque
260 2589 402 2653 nsquam
435 2570 519 2636 certi
551 2589 666 2634 earum
690 2566 823 2634 termini
849 2574 906 2632 aut
930 2565 1052 2636 limites
1077 2567 1275 2656 deprehen·

126 2669 257 2734 dantur.
307 2667 366 2733 sic
392 2689 515 2755 aquam
540 2667 716 2736 humidam
746 2668 957 2755 eandemque
982 2691 1085 2760 saepe
1109 2669 1273 2759 tepidam,

125 2770 195 2836 imo
221 2767 386 2835 fervidam
413 2793 486 2839 esse
511 2770 682 2851 videmus3
710 2770 842 2859 lapides
864 2770 970 2856 alceus
994 2771 1199 2860 eosdemque
1212 2771 1274 2837 fri-

126 2870 247 2962 gidus,
280 2870 454 2957 multaque
485 2871 522 2939 id
554 2894 662 2965 genus
695 2873 779 2941 alia:
818 2895 1011 2962 quanquam
1039 2873 1128 2944 haec
1160 2895 1275 2943 rernm

127 2971 276 3042 conditio
301 2971 335 3038 in
352 2973 427 3062 ipso
447 2982 577 3043 tautum
594 2975 727 3045 alterius
742 2977 909 3064 qualitatis
924 2977 958 3044 in
976 2976 1117 3047 alteram
1134 2978 1274 3045 transitu
1334 2978 1336 2986 ’

126 3074 242 3142 locum
280 3073 409 3144 habere
446 3077 586 3150 videtur.
645 3078 841 3150 Contrariae
876 3080 962 3147 enim
997 3080 1174 3166 qualitates
1204 3100 1274 3145 nun

127 3176 254 3261 statim,
288 3177 348 3244 uhi
373 3179 639 3270 coniunguntur,
672 3203 708 3249 se
734 3189 932 3250 consumunt
955 3182 1097 3250 invicem
1123 3202 1165 3248 ac
1190 3201 1274 3269 per-

128 3277 231 3361 dunt,
264 3277 324 3346 sed
349 3289 514 3349 certantes
537 3284 633 3370 quasi
657 3282 744 3350 inter
768 3305 841 3351 sese
866 3281 912 3349 de
936 3283 1128 3372 principatu
1153 3283 1189 3348 in
1215 3303 1274 3346 ea-

128 3381 207 3448 ‹lem
235 3403 271 3447 re
298 3378 392 3446 haud
424 3403 502 3448 raro
529 3383 736 3472 aliquamdiu
762 3384 960 3452 coniunctae
986 3393 1021 3451 et
1044 3385 1167 3450 mixtae
1191 3404 1275 3472 per-

129 3491 281 3568 manent,
309 3483 420 3552 donec
447 3484 554 3552 alteru
579 3485 719 3552 alteram
745 3485 959 3575 superaverit.
1002 3484 1080 3568 Qua
1107 3507 1275 3553 excausa

128 3585 248 3652 mirum
274 3608 343 3653 non
368 3586 553 3670 videbitur,
585 3587 681 3674 quod
714 3589 800 3655 inter
831 3595 944 3654 alitem
976 3588 1214 3656 calidissimum
1240 3596 1275 3656 et

128 3685 380 3775 frigidissimum
406 3710 472 3779 pro
498 3690 627 3757 maiore
658 3690 829 3759 minoreve
859 3690 927 3757 sive
952 3683 1181 3786 θερμότητος
1206 3691 1275 3758 sive

129 3781 357 3886 ψυχρότητος
382 3791 594 3860 multitudine
620 3791 767 3859 admixta
792 3791 894 3882 plane
918 3790 1173 3861 innumerabilia
1191 3791 1275 3858 alitis
1369 3854 1373 3860 ,
1423 3827 1425 3834 v

129 3911 257 3980 genera
286 3889 587 3980 deprehendimus,
622 3894 741 3982 quibus
765 3893 846 3984 ipsis
872 3893 998 3961 inlinita
1021 3918 1134 3964 rerum
1161 3893 1277 3961 multi-

129 3990 215 4058 tudo
241 4011 282 4058 ac
307 3993 448 4060 varietas
481 3995 633 4066 efficitur.
685 3996 784 4080 Quae
815 4017 919 4082 quum
953 3999 1000 4065 ita
1031 3999 1110 4081 sint,
1147 3994 1277 4085 optime

129 4092 290 4185 profecto
316 4095 388 4186 egit
410 4095 601 4187 Diogenes,
626 4098 722 4186 quud
748 4098 938 4190 fragmento
966 4100 1014 4168 Vl
1038 4099 1073 4165 in
1095 4096 1277 4188 designan-

132 4196 185 4264 dis
220 4195 289 4264 istis
321 4199 535 4284 qualitatibus
570 4201 820 4291 comparativo,
858 4224 960 4290 quem
995 4200 1129 4289 dieunt,
1164 4200 1276 4292 gradu

134 4319 210 4367 usus
236 4308 296 4386 est,
321 4300 347 4368 ei
365 4302 503 4390 quidem
524 4325 639 4372 earum
663 4304 849 4392 quamlibet
864 4327 931 4372 non
958 4305 1056 4375 certis
1074 4303 1274 4395 quibusdam
