2966 4990
193 403 256 482 120
346 464 349 470 ,
635 394 738 484 (tau
761 359 886 462 22228

190 568 357 662 aoriglda
376 561 676 674 coropactione1),
701 587 822 656 qnam
819 562 958 654 frigore
977 556 1067 656 (dud
1081 559 1150 637 τοῦ
1169 564 1338 658 eumad)

191 671 351 770 effectam
369 695 456 761 csse,
475 679 587 738 narrat
602 669 772 760 Diogenes
788 667 950 734 Laertius.
1002 664 1114 747 Quem
1130 664 1175 732 ad
1191 665 1338 735 madum

192 775 281 842 enim
301 773 422 844 caloris
440 773 617 864 proprium
636 779 701 858 est,
728 779 911 836 extenuare
919 775 954 834 et
970 766 1122 834 emollire
1145 785 1338 853 quamcun-
1421 773 1423 777 ⁴

192 898 258 964 que
279 873 351 942 rem
369 885 533 965 occupat,
554 874 600 940 ita
612 819 733 963 frigdri
748 869 912 964 contraria
931 869 979 936 vis
1002 891 1022 935 a
1043 877 1161 936 natura
1183 867 1272 936 data.
1285 879 1338 938 est
1468 877 1469 962 J

192 976 430 1062 contrahendi,
456 974 714 1066 compingendi,
741 953 961 1044 conduraudi.
1024 969 1196 1039 Terreuae
1213 980 1338 1040 autem

192 1077 379 1170 particulae
400 1087 516 1146 natura
532 1099 591 1143 sua
604 1075 733 1166 frigido
752 1073 836 1142 adsis
849 1093 976 1166 genere
989 1073 1216 1144 continentur..
1262 1075 1338 1142 Ne·

192 1203 260 1269 que
278 1189 491 1248 tamenvterra
514 1179 663 1270 Diogeni
685 1178 729 1244 ab
752 1176 843 1246 omni
863 1184 965 1264 parte·
984 1173 1087 1240 densa
1104 1183 1139 1240 et
1153 1185 1338 1263 compacta

191 1281 387 1365 uidebatur,
424 1281 485 1348 sed
504 1280 617 1347 multis
639 1302 714 1347 eam
734 1277 900 1360 cauernis,
926 1275 1048 1363 quibus
1069 1298 1178 1362 aquae
1200 1298 1242 1342 ex
1265 1277 1338 1344 aliis

192 1382 306 1475 plagis
320 1384 353 1449 in
367 1382 448 1448 alias
461 1382 636 1472 pervenire
652 1389 809 1469 possent,
833 1387 951 1468 patere
966 1377 1207 1460 arbitrabatur,
1231 1379 1338 1466 plane
1468 1459 1469 1470 χ

194 1485 316 1552 eodem
337 1483 460 1570 modo,
487 1503 555 1570 quo
576 1483 699 1566 solem,
725 1503 795 1569 quo
815 1481 947 1563 lunam,
973 1500 1043 1566 quo
1064 1479 1176 1548 stellas
1195 1480 1338 1567 pumici,

192 1583 370 1654 innumeris
390 1585 609 1652 foraminibus
632 1603 748 1665 exeso,
772 1580 895 1650 similes
909 1579 1050 1648 dicebat.
1086 1578 1157 1668 (cf.
1178 1602 1252 1670 cap.
1272 1579 1337 1649 tt).

192 1687 239 1754 ib.
263 1685 385 1758 Senes.
406 1687 544 1772 Quaest.
568 1693 635 1754 uat.
657 1683 700 1770 4,
727 1683 762 1750 2.
795 1683 874 1756 coll
899 1681 1074 1774 Arronug.
1101 1682 1157 1754 ed.
1183 1683 1339 1754 Sobaub.

192 1811 228 1882 p
237 1789 380 1981 cada
407 1887 468 1961 73.
520 1889 618 1960 Sicut
644 1895 754 1959 autem
776 1895 899 1956 terram
919 1847 1041 1958 caloris
1061 1884 1107 1953 de
1130 1885 1259 1955 coelo
1249 1887 1340 1956 mci·

194 1989 302 2058 dentis
328 1992 508 2060 efficientia
523 1991 711 2081 perfectam
725 2012 797 2058 esse
811 1989 1128 2070 demonstravimus3
1152 1989 1200 2062 it'a
1212 1989 1339 2058 eodem

122 2093 126 2101 “
193 2100 350 2182 tempore
364 2092 498 2161 coelum
512 2115 591 2162 cunr
606 2093 694 2174 sole,
720 2091 810 2173 luna,
835 2091 959 2173 stellis,
986 2112 1128 2178 quarum
1146 2090 1338 2160 innumero

194 2201 351 2261 cometae
370 2193 469 2261 etiam
493 2195 606 2284 posuit
625 2188 857 2283 Diogenes2),
883 2192 1065 2260 humorum
1083 2194 1347 2282 evaporantiunr.

194 2293 480 2379 exhalationibus,
498 2291 549 2362 'ex
565 2292 776 2362 inferioribus
792 2295 876 2361 locis
889 2317 1017 2364 sursum
1031 2293 1120 2376 latis,
1146 2304 1282 2364 auctum
1296 2318 1339 2365 ac
1462 2321 1469 2342 ·

194 2391 354 2464 nutritum
374 2419 446 2464 esse
464 2404 611 2465 constat:
634 2396 697 2480 ita,
724 2405 761 2463 ut
789 2396 862 2463 iure
882 2396 1055 2485 Diogenes
1080 2406 1215 2480 mutuo,
1241 2398 1339 2484 quod

193 2498 363 2590 frigidiori
391 2519 467 2565 cum
496 2490 658 2566 calidiore
694 2507 812 2569 natura
845 2497 1084 2578 intercederet,
1130 2500 1338 2568 commercio
1468 2547 1469 2550 ,

195 2599 346 2689 quodam
370 2599 558 2669 uuiversum
576 2597 739 2666 mundum
765 2597 949 2669 confecisse
964 2598 1125 2667 dicendus
1140 2600 1189 2671 sit.
1248 2601 1338 2668 Nam

194 2725 299 2791 quum
322 2701 515 2770 Alexander
530 2707 663 2784 „totum
685 2701 819 2780 coelum
840 2710 981 2790 propter
998 2700 1122 2768 factam
1135 2701 1268 2770 humidi
1283 2727 1339 2770 se-

194 2804 430 2895 gregationem
448 2827 469 2870 a
484 2804 556 2872 sole
572 2813 823 2893 augmentatum
843 2809 937 2870 esse“
958 2801 1066 2880 dicat;
1091 2803 1126 2872 in
1146 2805 1257 2892 primo
1272 2806 1340 2872 isto

193 2928 305 2972 rerum
322 2913 406 2970 statu
419 2904 525 2997 louge
539 2903 646 2972 maior
661 2903 792 2972 bumidi
808 2912 842 2972 et
858 2903 974 2994 frigidi
990 2902 1073 2970 adris
1089 2905 1208 2995 eopia,
1234 2929 1339 2994 quam

193 3005 273 3074 sicci
287 3014 321 3072 et
333 3003 492 3088 aetherei,
514 3028 582 3094 quo
597 3004 734 3094 quidem
752 3006 887 3076 coelum
901 3013 1048 3087 constat,
1075 3004 1175 3074 fuisse
1189 3007 1340 3076 videtur:

192 3129 282 3195 quae
293 3129 405 3174 rerum
420 3107 570 3200 conditio
586 3130 690 3195 quum
710 3109 810 3198 plane
826 3108 990 3176 contraria
1006 3115 1093 3175 esset
1102 3109 1220 3178 mundi
1237 3111 1339 3178 abso-

192 3209 285 3276 lutae
306 3218 340 3278 et
359 3208 556 3298 perfectae,
583 3231 684 3298 quam
712 3211 902 3298 requirebat
928 3209 1116 3299 Diogenes,
1145 3211 1339 3302 pulchritu-

192 3311 282 3398 dini,
314 3321 352 3379 ut
384 3334 471 3399 quae
493 3310 528 3378 iu
549 3312 635 3379 iusto
661 3312 887 3399 cuiuscunque
908 3312 958 3378 rei
981 3311 1087 3378 modo
1109 3323 1269 3401 rectaque
1291 3315 1338 3382 ad

194 3414 277 3480 alias
297 3413 427 3480 ratione
449 3413 610 3492 cernitur3
647 3435 726 3504 pars
746 3413 883 3500 humidi
904 3413 987 3481 aleris
1003 3413 1168 3485 calefacta
1187 3424 1220 3482 et
1242 3438 1338 3483 rare-

192 3515 283 3583 fecta
304 3515 471 3584 contrario
494 3515 612 3606 generi
627 3514 809 3584 adderetur
824 3537 960 3584 necesse
984 3524 1070 3598 erat,
1098 3526 1134 3583 ut
1154 3517 1337 3604 aequabilis

192 3614 363 3702 utriusque
390 3638 431 3684 ae
451 3609 638 3707 temperata
658 3618 827 3686 exsisteret
851 3618 910 3683 vis.
969 3616 1102 3686 Deinde
1126 3640 1205 3687 vero
1227 3619 1337 3687 solem
1468 3617 1469 3622 ’

190 3716 372 3802 lunamque
392 3716 540 3785 humidis
562 3728 671 3786 terrae
694 3720 874 3809 vaporibus
888 3717 950 3800 ali,
978 3739 1018 3784 ex
1039 3718 1220 3788 Aristotele
1242 3721 1336 3812 (1.1.)
1360 3713 1364 3718 ’

192 3825 338 3890 constat:
374 3817 561 3908 eademque
584 3820 722 3907 reliquis
740 3819 904 3886 sideribus
928 3817 1085 3886 alimenta
1111 3821 1229 3906 fuisse,
1255 3845 1337 3912 per·
1468 3841 1469 3864 ¹

191 3943 293 4009 quam
310 3918 489 4012 probabile
502 3929 553 3988 est
569 3943 609 3990 ex
625 3921 683 4004 iis,
709 3943 797 4012 quae
810 3920 904 4015 apud
923 3919 1117 3994 Stobaeum
1134 3923 1336 4014 legunturl,

252 4143 291 4266 1)
309 4203 351 4255 Cf.
370 4203 493 4273 Auuxog.
512 4204 546 4256 fr.
564 4203 608 4258 2⁰.
644 4203 719 4283 Orlg.
737 4203 932 4273 philosophum.
966 4203 992 4258 8.
1027 4203 1107 4275 Diog.
1124 4203 1223 4272 IreD,
1239 4204 1267 4257 9.

260 4300 293 4368 2)
310 4303 402 4356 Pleuit.
421 4305 474 4368 lll,
491 4307 518 4358 2.
537 4323 563 4373 p.
581 4306 641 4360 121
736 4303 739 4310 ’
