2942 4996
239 455 263 518 ς
739 445 839 512 ΟᾸΡ.
860 447 892 514 2.

244 622 344 692 coelo
360 619 594 712 conspicimus,
621 611 687 688 ulia
701 618 800 689 etiam
814 641 960 713 corpora
977 617 1125 712 lapidea,
1150 632 1250 708 qnae,
1265 611 1410 708 quippe

245 725 405 810 obscura,
432 717 609 792 oculorum
635 723 743 792 aciem
772 723 955 815 effugiant,
980 745 1044 816 per
1068 727 1181 789 adrem
1207 718 1299 804 ferri,
1329 717 1403 784 do-

244 824 350 893 cuisse
374 835 542 895 narratur:
566 826 734 895 interdum
760 837 872 894 auteur
899 826 991 910 fieri,
1029 833 1067 892 ut
1091 824 1125 891 in
1149 833 1272 892 terram
1297 819 1405 890 deci-

244 925 344 1006 dant3
383 929 475 997 cuius
501 929 549 996 rei
577 930 768 1019 exemptum
795 953 865 997 esse
897 928 1047 1018 lapidem
1080 927 1176 994 iilum
1203 924 1247 991 ad
1273 924 1404 1012 Aegos

244 1027 370 1096 flunren
404 1031 449 1098 de
481 1029 580 1101 coeio
613 1032 808 1122 delapsum:
843 1029 1043 1110 πίπτοντας
1076 1020 1114 1100 δέ
1140 1019 1310 1104 πολλάκις
1337 1023 1403 1096 ἐπὶ

244 1129 308 1223 τῆς
341 1130 402 1219 γῆς
435 1134 680 1223 σβέννυσθαι,
720 1127 889 1226 καθάπερ
916 1127 982 1205 το“ν
1009 1136 1047 1203 έν
1072 1122 1188 1220 Λίγός
1213 1131 1404 1216 ποταμοῖς

243 1225 414 1323 παρῶδως
438 1237 714 1322 «κατενεχθέντα
742 1231 876 1327 α’στέρα
903 1235 1085 1326 πέτρινον.
1138 1231 1219 1338 Quo
1245 1251 1287 1298 ex
1313 1228 1401 1297 loco

241 1328 312 1400 hoc
339 1333 466 1400 clarum
494 1344 559 1418 est,
590 1333 781 1426 Diogenem
808 1333 853 1401 de
878 1334 1100 1403 celeberrimo
1133 1332 1197 1398 isto
1222 1332 1308 1398 inter
1334 1351 1401 1396 ve-

244 1439 332 1500 teres
358 1433 475 1524 lupide
507 1436 661 1506 locutum
693 1437 809 1503 fuisse:
842 1435 895 1518 id,
928 1434 1025 1524 quod
1057 1433 1202 1501 ostendit
1234 1430 1402 1499 orationis

247 1534 333 1600 rutio
361 1547 393 1602 et
419 1560 521 1606 nexus
535 1534 577 1630 ¹).
629 1540 732 1628 Atqui
757 1539 850 1608 hunc
871 1537 1027 1630 ‚lapidem
1053 1535 1193 1624 Olymp.
1218 1534 1400 1602 Lxxvlt.

242 1644 300 1708 aut
329 1635 518 1706 Lxxvui.
554 1641 598 1708 ad
624 1644 742 1733 Aegos
775 1641 902 1709 flumen
934 1640 979 1707 de
1011 1639 1111 1708 coelo
1143 1637 1293 1703 delatum
1320 1657 1401 1702 esse

240 1736 435 1831 comtut²)z
460 1764 502 1810 ex
527 1765 596 1831 quo
622 1747 788 1831 sequitur,
814 1752 871 1811 aut
894 1749 974 1833 post
998 1740 1087 1810 haec
1111 1749 1267 1827 tempora
1292 1736 1400 1804 fuisse

239 1837 451 1929 Diogenem,
485 1855 543 1911 aut
575 1870 618 1913 ea
648 1848 721 1935 ipsa
753 1855 880 1932 aetate,
915 1844 975 1914 sed
999 1845 1064 1925 ita,
1096 1851 1134 1908 ut
1162 1841 1264 1929 uitam
1291 1839 1397 1906 etium

240 1938 329 2005 ultra
354 1940 447 2010 hunc
473 1965 595 2012 annum
621 1946 818 2032 produxisse
842 1946 1012 2034 putandus
1037 1946 1089 2012 sit.
1132 1943 1289 2026 Quorum
1314 1940 1396 2028 qui-

241 2037 322 2106 dem
349 2039 419 2108 hoc
443 2045 671 2132 probandum.
723 2047 777 2112 Eo
804 2047 893 2113 enim
918 2057 1090 2136 tempore,
1116 2067 1185 2132 quo
1213 2045 1300 2135 lapis
1324 2041 1394 2110 de-

238 2139 357 2210 cidisse
384 2143 506 2227 fertur,
534 2147 613 2214 vixit
638 2147 904 2239 Anaxagoras,
937 2149 996 2236 qui
1021 2159 1055 2216 et
1080 2148 1155 2238 ipse
1179 2147 1248 2214 eius
1274 2165 1391 2216 casum

237 2243 441 2331 praedixisse
468 2248 676 2336 perhibetur.
729 2251 807 2317 Vid.
832 2252 987 2342 Anaxag.
1013 2252 1135 2340 fragm.
1163 2249 1218 2316 cd.
1245 2247 1391 2318 Sohun-

238 2343 341 2411 daolr.
369 2369 403 2435 p.
429 2346 489 2419 41.
514 2373 554 2417 ss.
606 2351 723 2420 Huirrs
748 2360 866 2420 uatem
892 2354 1055 2444 aequalis
1075 2350 1388 2444 DiogenesApul-

236 2445 387 2516 lurriutes
406 2447 527 2541 faisse
560 2454 719 2522 traditur
744 2477 768 2522 a
792 2455 960 2547 Diogene
984 2456 1132 2524 Laertio
1156 2455 1230 2539 lx,
1265 2448 1386 2542 51³),

237 2556 287 2630 et,
322 2554 472 2638 quamvis
498 2554 556 2624 hic
581 2568 753 2625 auctorem
779 2557 878 2626 huius
904 2559 953 2625 rei
978 2558 1174 2626 nominatim
1200 2579 1269 2624 non
1295 2557 1386 2641 citet,

235 2651 329 2720 untia
353 2660 466 2724 tamen
492 2657 537 2724 de
563 2659 632 2728 eius
657 2661 795 2728 veritate
822 2660 987 2728 dubitatio
1013 2684 1084 2728 esse
1117 2669 1246 2750 potest,
1279 2680 1383 2746 quum

235 2773 279 2819 ne
304 2777 388 2822 unus
414 2758 553 2844 quidem
587 2763 755 2845 omnium,
789 2772 956 2851 quotquot
979 2763 1024 2830 ad
1051 2761 1214 2854 Diogenis
1241 2769 1383 2830 aetatem

235 2855 502 2926 constituendam
527 2862 655 2930 faciunt
679 2865 760 2947 loci,
785 2865 867 2936 huic
893 2867 1074 2934 sententiae
1098 2872 1276 2956 repugnet.
1309 2861 1382 2930 Sed

237 2974 370 3040 ornnes,
404 2957 430 3024 si
456 2963 641 3032 accuratius
672 2966 996 3051 reaccenderetur,
1029 2970 1063 3035 iu
1089 2967 1212 3036 eodem
1239 2989 1381 3036 eonsen-

232 3055 296 3124 tire
320 3069 476 3148 apparet.
525 3063 682 3154 Namque
706 3073 744 3134 ut
768 3067 939 3154 omittam,
965 3071 1060 3158 quod
1080 3069 1246 3140 Sidonius
1264 3069 1380 3160 Apol-

240 3241 451 3262 ’ᾕ--ι-η-

302 3354 335 3440 12
354 3358 507 3413 Theodorei.
525 3377 552 3429 p.
569 3360 613 3426 5⁰,
629 3364 656 3419 2.
674 3364 723 3422 uui
737 3365 860 3440 μοὶοενοι
874 3371 976 3441 χρῆται
992 3369 1032 3442 τῷ
1048 3364 1078 3426 ir
1095 3368 1178 3440 Αίγὸς
1193 3368 1313 3442 ποταμῷ
1326 3385 1377 3424 τε·

232 3425 350 3490 pessuma
365 3429 557 3500 κατενεχθέντα
571 3433 648 3490 ποτέ.

278 3525 481 3612 ’D‘Marmoa
507 3533 570 3589 Par.
595 3539 687 3604 epoch.
713 3537 756 3592 58.
782 3539 1041 3606 γ.1’ί.ο(1.Κ.Ρα.
1062 3545 1190 3611 Wagner.
1209 3543 1282 3594 Gott.
1299 3539 1374 3592 179⁰.

232 3581 280 3672 riq,
308 3609 343 3644 ον
361 3593 391 3648 ἐν
414 3597 494 3665 Aquis
516 3611 654 3670 ποταμοῖς
672 3600 687 3658 d
711 3610 792 3666 λίθος
810 3605 887 3662 turos
904 3610 950 3664 ναί
967 3613 1131 3679 Σιμωνίδης
1149 3606 1164 3665 ὁ
1182 3610 1300 3682 πονήτας
1316 3606 1373 3663 ἐτε-

233 3659 380 3725 ίεντηοεν,
399 3664 544 3751 βιοέςέτη
562 3667 737 3738 ἐνενήκοντα,
757 3673 804 3742 ἔτη
819 3678 908 3732 ΗΗΠ
922 3678 954 3745 (i.
973 3695 997 3733 o.
1015 3681 1094 3763 CCV)
1111 3675 1247 3747 ἄογοντοε
1261 3675 1373 3748 neuq-

229 3739 275 3778 σιτ
296 3729 539 3796 &repertricem
558 3741 736 3795 euno-469³.
755 3745 817 3796 Chr.
837 3762 863 3798 n.
897 3747 1018 3799 Ceterum
1042 3750 1090 3801 utir
1112 3750 1195 3801 etium
1218 3748 1245 3800 iu
1263 3764 1371 3814 compu-

228 3795 309 3848 unua
333 3803 481 3866 temporum
509 3804 611 3859 rationo
635 3810 767 3864 calculum
791 3813 957 3877 cohibentes,
992 3818 1082 3882 pordic
1108 3817 1241 3870 diversum
1264 3817 1299 3868 ab
1321 3815 1370 3868 hoe

226 3863 352 3928 μειοῦται
369 3883 487 3950 oenum,
511 3880 541 3926 ut
560 3875 624 3930 Ptin.
644 3877 707 3930 trist.
723 3896 749 3932 u.
766 3881 800 3946 2,
816 3880 860 3934 58.
894 3884 1061 3948 ,‚colebreut
1077 3887 1173 3939 Graeci
1188 3887 1370 3952 drangarum

226 3931 423 4021 Clazomenium
440 3939 607 4008 Olympiadis
629 3948 838 4016 septuagesimae
860 3955 1103 4005 orornamenta
1124 3971 1193 4008 anuo
1215 3953 1370 4022 praedixisse

225 4003 379 4080 priunum
397 4007 543 4061 trttrrurnm
560 4011 685 4080 seientia,
715 4017 810 4082 quibus
826 4018 919 4072 diebus
940 4037 1033 4073 auxum
1049 4039 1172 4076 maurum
1189 4030 1256 4076 erut
1272 4040 1287 4074 e
1302 4022 1368 4074 autc:

224 4067 303 4133 idque
319 4073 418 4127 iaotrnn
435 4076 548 4129 interdiu
566 4079 593 4132 iu
610 4083 744 4136 'lirneiuo
760 4091 834 4151 purte
850 4088 883 4140 ud
901 4090 989 4158 Aegos
1003 4091 1131 4143 flomeu.“
1164 4093 1249 4146 Porro
1267 4091 1368 4155 Dionys.

225 4133 311 4192 trous.
329 4157 354 4208 p.
371 4143 432 4197 uu.
450 4147 491 4199 ed.
508 4148 578 4212 syro.
595 4155 622 4202 et
639 4151 745 4204 Diodor.
763 4155 842 4208 Sicci.
860 4157 906 4209 Xt.
925 4175 950 4223 p.
968 4156 1028 4212 tau.
1048 4160 1089 4213 ed.
1109 4163 1219 4214 Wcrret.
1242 4159 1367 4226 unago-

224 4201 310 4282 nidcm
318 4211 478 4268 Archoutoru
494 4213 574 4269 tutae
591 4219 696 4270 trudunt
706 4221 814 4288 olymp.
825 4225 967 4294 uuxvut,
984 4227 1009 4282 1.
1026 4228 1122 4284 Darei.
1139 4235 1232 4283 ωαίπι
1242 4226 1365 4299 ducim-

222 4281 274 4321 rue.
290 4273 370 4330 hauet
385 4297 483 4337 anuum
500 4284 609 4355 ΟΙγιαγ.
626 4288 768 4355 DXXVDI,
783 4291 810 4344 4.
968 4333 973 4340 -

243 4343 247 4350 ’
295 4355 326 4423 3)
343 4351 379 4426 ἦν
396 4363 427 4419 di
443 4367 474 4423 ἐν
491 4375 551 4436 τοῖς
565 4373 679 4446 zadram
695 4369 767 4430 saed
782 4371 974 4450 Ἀναξαγόραν.
