<?xml version="1.0" encoding="UTF-8"?>
<!DOCTYPE html PUBLIC "-//W3C//DTD XHTML 1.0 Transitional//EN"
    "http://www.w3.org/TR/xhtml1/DTD/xhtml1-transitional.dtd">
<html xmlns="http://www.w3.org/1999/xhtml" xml:lang="en" lang="en">
 <head>
  <title>
</title>
<meta http-equiv="Content-Type" content="text/html;charset=utf-8" />
  <meta name='ocr-system' content='tesseract 3.04.00' />
  <meta name='ocr-capabilities' content='ocr_page ocr_carea ocr_par ocr_line ocrx_word'/>
</head>
<body>
  <div class='ocr_page' id='page_1' title='image "./diogenesapollon00panzgoog_0025.png"; bbox 0 0 2942 4996; ppageno 0'>
   <div class='ocr_carea' id='block_1_1' title="bbox 167 363 844 474">
    <p class='ocr_par' dir='ltr' id='par_1_1' title="bbox 167 363 844 474">
     <span class='ocr_line' id='line_1_1' title="bbox 167 363 844 474; baseline 0.003 -20"><span class='ocrx_word' id='word_1_1' title='bbox 167 407 194 474; x_wconf 65' lang='grc' dir='ltr'>Β</span> <span class='ocrx_word' id='word_1_2' title='bbox 617 363 736 454; x_wconf 66' lang='grc' dir='ltr'><strong>1(ιΛΡ.</strong></span> <span class='ocrx_word' id='word_1_3' title='bbox 757 391 844 456; x_wconf 59' lang='lat' dir='ltr'><strong>mr</strong></span> 
     </span>
    </p>
   </div>
   <div class='ocr_carea' id='block_1_2' title="bbox 173 553 1424 1328">
    <p class='ocr_par' dir='ltr' id='par_1_2' title="bbox 173 553 1424 1264">
     <span class='ocr_line' id='line_1_2' title="bbox 173 553 1424 656; baseline -0.014 -14"><span class='ocrx_word' id='word_1_4' title='bbox 173 565 372 642; x_wconf 81' lang='lat' dir='ltr'><strong>Anaximeni</strong></span> <span class='ocrx_word' id='word_1_5' title='bbox 403 560 661 656; x_wconf 59' lang='lat' dir='ltr'><strong>adiungerent,</strong></span> <span class='ocrx_word' id='word_1_6' title='bbox 681 581 750 628; x_wconf 90' lang='lat' dir='ltr'><strong>non</strong></span> <span class='ocrx_word' id='word_1_7' title='bbox 782 562 985 650; x_wconf 85' lang='lat' dir='ltr'><strong>potuerunt,</strong></span> <span class='ocrx_word' id='word_1_8' title='bbox 1005 553 1106 644; x_wconf 79' lang='lat' dir='ltr'><strong>‘quin</strong></span> <span class='ocrx_word' id='word_1_9' title='bbox 1130 553 1325 648; x_wconf 74' lang='lat' dir='ltr'><strong>Diogenem</strong></span> <span class='ocrx_word' id='word_1_10' title='bbox 1423 583 1424 588; x_wconf 43' lang='lat'>¹</span> 
     </span>
     <span class='ocr_line' id='line_1_3' title="bbox 174 659 1325 760; baseline -0.01 -20"><span class='ocrx_word' id='word_1_11' title='bbox 174 672 352 760; x_wconf 72' lang='lat' dir='ltr'><strong>nouissimo</strong></span> <span class='ocrx_word' id='word_1_12' title='bbox 380 665 505 735; x_wconf 85' lang='lat' dir='ltr'><strong>borum</strong></span> <span class='ocrx_word' id='word_1_13' title='bbox 527 662 817 755; x_wconf 60' lang='lat' dir='ltr'><strong>,philosophorum</strong></span> <span class='ocrx_word' id='word_1_14' title='bbox 849 659 976 751; x_wconf 85' lang='lat' dir='ltr'><strong>agmini</strong></span> <span class='ocrx_word' id='word_1_15' title='bbox 1001 667 1186 745; x_wconf 84' lang='lat' dir='ltr'><strong>assuerent,</strong></span> <span class='ocrx_word' id='word_1_16' title='bbox 1226 681 1325 728; x_wconf 82' lang='lat' dir='ltr'><strong>curn-</strong></span> 
     </span>
     <span class='ocr_line' id='line_1_4' title="bbox 174 765 1326 865; baseline -0.01 -20"><span class='ocrx_word' id='word_1_17' title='bbox 174 797 257 865; x_wconf 67' lang='lat' dir='ltr'><strong>que,</strong></span> <span class='ocrx_word' id='word_1_18' title='bbox 274 779 331 839; x_wconf 92' lang='lat' dir='ltr'><strong>aut</strong></span> <span class='ocrx_word' id='word_1_19' title='bbox 356 767 529 840; x_wconf 76' lang='lat' dir='ltr'><strong>Archelao</strong></span> <span class='ocrx_word' id='word_1_20' title='bbox 554 765 850 855; x_wconf 83' lang='lat' dir='ltr'><strong>fereaequalcm,</strong></span> <span class='ocrx_word' id='word_1_21' title='bbox 892 771 950 830; x_wconf 86' lang='lat' dir='ltr'><strong>aut</strong></span> <span class='ocrx_word' id='word_1_22' title='bbox 975 770 1084 830; x_wconf 86' lang='lat' dir='ltr'><strong>aetate</strong></span> <span class='ocrx_word' id='word_1_23' title='bbox 1109 765 1211 832; x_wconf 86' lang='lat' dir='ltr'><strong>etiam</strong></span> <span class='ocrx_word' id='word_1_24' title='bbox 1235 765 1326 834; x_wconf 83' lang='lat' dir='ltr'><strong>inle-</strong></span> 
     </span>
     <span class='ocr_line' id='line_1_5' title="bbox 174 866 1325 958; baseline -0.009 -14"><span class='ocrx_word' id='word_1_25' title='bbox 174 879 297 944; x_wconf 85' lang='lat' dir='ltr'><strong>riorem</strong></span> <span class='ocrx_word' id='word_1_26' title='bbox 322 869 517 940; x_wconf 89' lang='lat' dir='ltr'><strong>iudicarent.</strong></span> <span class='ocrx_word' id='word_1_27' title='bbox 568 868 724 937; x_wconf 84' lang='lat' dir='ltr'>Eandem</span> <span class='ocrx_word' id='word_1_28' title='bbox 749 867 913 935; x_wconf 86' lang='lat' dir='ltr'><strong>rationem</strong></span> <span class='ocrx_word' id='word_1_29' title='bbox 937 872 1052 932; x_wconf 87' lang='lat' dir='ltr'><strong>tenent</strong></span> <span class='ocrx_word' id='word_1_30' title='bbox 1073 866 1172 934; x_wconf 78' lang='lat' dir='ltr'><strong>etiam</strong></span> <span class='ocrx_word' id='word_1_31' title='bbox 1193 869 1325 958; x_wconf 82' lang='lat' dir='ltr'><strong>reliqui,</strong></span> 
     </span>
     <span class='ocr_line' id='line_1_6' title="bbox 174 964 1325 1064; baseline -0.006 -19"><span class='ocrx_word' id='word_1_32' title='bbox 174 976 346 1062; x_wconf 77' lang='lat' dir='ltr'><strong>Sidonius</strong></span> <span class='ocrx_word' id='word_1_33' title='bbox 371 965 616 1064; x_wconf 66' lang='lat' dir='ltr'><strong>Apollinaris,</strong></span> <span class='ocrx_word' id='word_1_34' title='bbox 632 981 636 988; x_wconf 87' lang='lat'>&#39;</span> <span class='ocrx_word' id='word_1_35' title='bbox 654 969 816 1040; x_wconf 81' lang='lat' dir='ltr'><strong><em>Clemens</em></strong></span> <span class='ocrx_word' id='word_1_36' title='bbox 849 969 997 1058; x_wconf 87' lang='lat' dir='ltr'><strong>(Strom.</strong></span> <span class='ocrx_word' id='word_1_37' title='bbox 1025 967 1047 1033; x_wconf 91' lang='lat' dir='ltr'><strong>l.</strong></span> <span class='ocrx_word' id='word_1_38' title='bbox 1073 964 1137 1062; x_wconf 83' lang='grc'>1.),</span> <span class='ocrx_word' id='word_1_39' title='bbox 1163 970 1325 1040; x_wconf 80' lang='lat' dir='ltr'><strong>Plocilo-</strong></span> 
     </span>
     <span class='ocr_line' id='line_1_7' title="bbox 175 1071 1327 1190; baseline -0.006 -41"><span class='ocrx_word' id='word_1_40' title='bbox 175 1091 257 1149; x_wconf 78' lang='lat' dir='ltr'><strong>rum</strong></span> <span class='ocrx_word' id='word_1_41' title='bbox 280 1077 450 1167; x_wconf 80' lang='lat' dir='ltr'><strong>scriptor,</strong></span> <span class='ocrx_word' id='word_1_42' title='bbox 490 1083 527 1146; x_wconf 96' lang='lat' dir='ltr'><strong>ut</strong></span> <span class='ocrx_word' id='word_1_43' title='bbox 552 1095 619 1140; x_wconf 89' lang='grc' dir='ltr'>ιιοιι</span> <span class='ocrx_word' id='word_1_44' title='bbox 644 1082 713 1142; x_wconf 89' lang='lat' dir='ltr'><strong>tam</strong></span> <span class='ocrx_word' id='word_1_45' title='bbox 740 1072 785 1140; x_wconf 90' lang='lat' dir='ltr'><strong>de</strong></span> <span class='ocrx_word' id='word_1_46' title='bbox 817 1071 941 1142; x_wconf 89' lang='lat' dir='ltr'><strong>homru</strong></span> <span class='ocrx_word' id='word_1_47' title='bbox 967 1071 1183 1190; x_wconf 68' lang='lat' dir='ltr'><strong>auctoritem,</strong></span> <span class='ocrx_word' id='word_1_48' title='bbox 1223 1087 1327 1166; x_wconf 82' lang='lat' dir='ltr'><strong>quam</strong></span> 
     </span>
     <span class='ocr_line' id='line_1_8' title="bbox 177 1173 1148 1328; baseline -0.01 -76"><span class='ocrx_word' id='word_1_49' title='bbox 177 1182 226 1328; x_wconf 79' lang='lat' dir='ltr'><strong>de</strong></span> <span class='ocrx_word' id='word_1_50' title='bbox 247 1181 347 1253; x_wconf 86' lang='lat' dir='ltr'><strong>totius</strong></span> <span class='ocrx_word' id='word_1_51' title='bbox 372 1177 471 1296; x_wconf 84' lang='lat' dir='ltr'><strong>huius</strong></span> <span class='ocrx_word' id='word_1_52' title='bbox 496 1174 631 1248; x_wconf 86' lang='lat' dir='ltr'><strong>rationis</strong></span> <span class='ocrx_word' id='word_1_53' title='bbox 655 1175 794 1245; x_wconf 82' lang='lat' dir='ltr'><strong>veritate</strong></span> <span class='ocrx_word' id='word_1_54' title='bbox 819 1174 1071 1264; x_wconf 83' lang='lat' dir='ltr'>disquirendum</span> <span class='ocrx_word' id='word_1_55' title='bbox 1097 1173 1148 1242; x_wconf 81' lang='lat' dir='ltr'><strong>sit</strong></span> 
     </span>
    </p>
   </div>
   <div class='ocr_carea' id='block_1_3' title="bbox 279 1292 1329 1441">
    <p class='ocr_par' dir='ltr' id='par_1_3' title="bbox 279 1292 1432 1441">
     <span class='ocr_line' id='line_1_9' title="bbox 279 1292 1329 1441; baseline -0.008 -22"><span class='ocrx_word' id='word_1_56' title='bbox 279 1345 428 1441; x_wconf 67' lang='lat' dir='ltr'><strong>caps.</strong></span> <span class='ocrx_word' id='word_1_57' title='bbox 478 1345 572 1414; x_wconf 88' lang='lat' dir='ltr'><strong>Duas</strong></span> <span class='ocrx_word' id='word_1_58' title='bbox 599 1345 744 1413; x_wconf 85' lang='lat' dir='ltr'><strong>maxime</strong></span> <span class='ocrx_word' id='word_1_59' title='bbox 769 1345 947 1436; x_wconf 86' lang='lat' dir='ltr'><strong>antiquitus</strong></span> <span class='ocrx_word' id='word_1_60' title='bbox 971 1305 1073 1414; x_wconf 86' lang='lat' dir='ltr'><strong>fuisse</strong></span> <span class='ocrx_word' id='word_1_61' title='bbox 1094 1292 1329 1437; x_wconf 79' lang='lat' dir='ltr'><strong>philosopho¹</strong></span> 
     </span>
    </p>
   </div>
   <div class='ocr_carea' id='block_1_4' title="bbox 177 1437 1433 1541">
    <p class='ocr_par' dir='ltr' id='par_1_4' title="bbox 177 1437 1433 1541">
     <span class='ocr_line' id='line_1_10' title="bbox 177 1437 1433 1541; baseline -0.005 -18"><span class='ocrx_word' id='word_1_62' title='bbox 177 1437 253 1523; x_wconf 86' lang='lat' dir='ltr'><strong>rum</strong></span> <span class='ocrx_word' id='word_1_63' title='bbox 278 1452 431 1534; x_wconf 84' lang='lat' dir='ltr'><strong>scholas,</strong></span> <span class='ocrx_word' id='word_1_64' title='bbox 462 1458 591 1518; x_wconf 81' lang='lat' dir='ltr'><strong>veteres</strong></span> <span class='ocrx_word' id='word_1_65' title='bbox 623 1449 826 1534; x_wconf 89' lang='lat' dir='ltr'><strong>statuebant,</strong></span> <span class='ocrx_word' id='word_1_66' title='bbox 861 1448 1010 1518; x_wconf 78' lang='lat' dir='ltr'><strong>Italicam</strong></span> <span class='ocrx_word' id='word_1_67' title='bbox 1036 1471 1096 1518; x_wconf 89' lang='lat' dir='ltr'><strong>seu</strong></span> <span class='ocrx_word' id='word_1_68' title='bbox 1098 1449 1329 1541; x_wconf 82' lang='lat' dir='ltr'><strong>Pythagori-</strong></span> <span class='ocrx_word' id='word_1_69' title='bbox 1432 1521 1433 1534; x_wconf 21' lang='lat' dir='ltr'><strong>q</strong></span> 
     </span>
    </p>
   </div>
   <div class='ocr_carea' id='block_1_5' title="bbox 178 1549 1331 1642">
    <p class='ocr_par' dir='ltr' id='par_1_5' title="bbox 178 1549 1331 1642">
     <span class='ocr_line' id='line_1_11' title="bbox 178 1549 1331 1642; baseline -0.009 -13"><span class='ocrx_word' id='word_1_70' title='bbox 178 1580 255 1632; x_wconf 87' lang='lat' dir='ltr'><strong>cam</strong></span> <span class='ocrx_word' id='word_1_71' title='bbox 258 1551 446 1634; x_wconf 86' lang='lat' dir='ltr'><strong>alteram,</strong></span> <span class='ocrx_word' id='word_1_72' title='bbox 487 1553 626 1620; x_wconf 83' lang='lat' dir='ltr'><strong>alteram</strong></span> <span class='ocrx_word' id='word_1_73' title='bbox 659 1551 810 1621; x_wconf 88' lang='lat' dir='ltr'><strong>lonicam</strong></span> <span class='ocrx_word' id='word_1_74' title='bbox 843 1574 903 1618; x_wconf 87' lang='lat' dir='ltr'><strong>seu</strong></span> <span class='ocrx_word' id='word_1_75' title='bbox 934 1549 1163 1642; x_wconf 85' lang='lat' dir='ltr'><strong>physicorum.</strong></span> <span class='ocrx_word' id='word_1_76' title='bbox 1216 1555 1331 1640; x_wconf 83' lang='lat' dir='ltr'>Atque</span> 
     </span>
    </p>
   </div>
   <div class='ocr_carea' id='block_1_6' title="bbox 178 1641 1435 1743">
    <p class='ocr_par' dir='ltr' id='par_1_6' title="bbox 178 1641 1435 1743">
     <span class='ocr_line' id='line_1_12' title="bbox 178 1641 1435 1743; baseline -0.006 -16"><span class='ocrx_word' id='word_1_77' title='bbox 178 1659 283 1730; x_wconf 89' lang='lat' dir='ltr'><strong>hoo</strong></span> <span class='ocrx_word' id='word_1_78' title='bbox 274 1681 308 1725; x_wconf 92' lang='grc' dir='ltr'><strong>ιιι</strong></span> <span class='ocrx_word' id='word_1_79' title='bbox 334 1658 522 1730; x_wconf 87' lang='lat' dir='ltr'><strong>universum</strong></span> <span class='ocrx_word' id='word_1_80' title='bbox 544 1653 683 1743; x_wconf 90' lang='lat' dir='ltr'><strong>quidem</strong></span> <span class='ocrx_word' id='word_1_81' title='bbox 708 1676 823 1722; x_wconf 89' lang='lat' dir='ltr'><strong>verum</strong></span> <span class='ocrx_word' id='word_1_82' title='bbox 851 1677 923 1722; x_wconf 87' lang='lat' dir='ltr'><strong>esse</strong></span> <span class='ocrx_word' id='word_1_83' title='bbox 948 1655 1099 1740; x_wconf 87' lang='lat' dir='ltr'><strong>videtur,</strong></span> <span class='ocrx_word' id='word_1_84' title='bbox 1125 1675 1331 1743; x_wconf 80' lang='lat' dir='ltr'><strong>quamquam</strong></span> <span class='ocrx_word' id='word_1_85' title='bbox 1434 1641 1435 1650; x_wconf 37' lang='lat'>¹</span> 
     </span>
    </p>
   </div>
   <div class='ocr_carea' id='block_1_7' title="bbox 134 1755 1334 2258">
    <p class='ocr_par' dir='ltr' id='par_1_7' title="bbox 134 1755 1333 2252">
     <span class='ocr_line' id='line_1_13' title="bbox 180 1755 1332 1848; baseline 0 -22"><span class='ocrx_word' id='word_1_86' title='bbox 180 1761 466 1842; x_wconf 68' lang='lat' dir='ltr'><strong>cremationem,</strong></span> <span class='ocrx_word' id='word_1_87' title='bbox 506 1780 573 1847; x_wconf 88' lang='lat' dir='ltr'><strong>qua</strong></span> <span class='ocrx_word' id='word_1_88' title='bbox 599 1757 749 1848; x_wconf 87' lang='lat' dir='ltr'><strong>singulos</strong></span> <span class='ocrx_word' id='word_1_89' title='bbox 774 1757 1004 1848; x_wconf 88' lang='lat' dir='ltr'><strong>philosophos</strong></span> <span class='ocrx_word' id='word_1_90' title='bbox 1027 1757 1062 1823; x_wconf 90' lang='lat' dir='ltr'><strong>iu</strong></span> <span class='ocrx_word' id='word_1_91' title='bbox 1086 1758 1125 1824; x_wconf 90' lang='lat' dir='ltr'><strong>iis</strong></span> <span class='ocrx_word' id='word_1_92' title='bbox 1151 1755 1332 1826; x_wconf 88' lang='lat' dir='ltr'><strong>distribue-</strong></span> 
     </span>
     <span class='ocr_line' id='line_1_14' title="bbox 180 1860 1332 1951; baseline -0.004 -19"><span class='ocrx_word' id='word_1_93' title='bbox 180 1865 265 1950; x_wconf 87' lang='lat' dir='ltr'><strong>rint,</strong></span> <span class='ocrx_word' id='word_1_94' title='bbox 297 1885 369 1934; x_wconf 85' lang='lat' dir='ltr'><strong>non</strong></span> <span class='ocrx_word' id='word_1_95' title='bbox 395 1863 429 1928; x_wconf 90' lang='lat' dir='ltr'><strong>ln</strong></span> <span class='ocrx_word' id='word_1_96' title='bbox 456 1861 609 1932; x_wconf 90' lang='lat' dir='ltr'><strong>omnibus</strong></span> <span class='ocrx_word' id='word_1_97' title='bbox 634 1861 840 1951; x_wconf 81' lang='lat' dir='ltr'><strong>probaveris.</strong></span> <span class='ocrx_word' id='word_1_98' title='bbox 894 1860 1001 1944; x_wconf 79' lang='lat' dir='ltr'><strong>Quod</strong></span> <span class='ocrx_word' id='word_1_99' title='bbox 1033 1881 1114 1929; x_wconf 84' lang='lat' dir='ltr'><strong>vero</strong></span> <span class='ocrx_word' id='word_1_100' title='bbox 1147 1861 1332 1930; x_wconf 83' lang='lat' dir='ltr'><strong>successio·-</strong></span> 
     </span>
     <span class='ocr_line' id='line_1_15' title="bbox 181 1961 1332 2052; baseline 0 -24"><span class='ocrx_word' id='word_1_101' title='bbox 181 1987 258 2052; x_wconf 78' lang='lat' dir='ltr'><strong>nem</strong></span> <span class='ocrx_word' id='word_1_102' title='bbox 285 1965 431 2052; x_wconf 81' lang='lat' dir='ltr'><strong>aliquam</strong></span> <span class='ocrx_word' id='word_1_103' title='bbox 460 1961 718 2028; x_wconf 88' lang='lat' dir='ltr'><strong>clarissimorum</strong></span> <span class='ocrx_word' id='word_1_104' title='bbox 744 1961 1049 2051; x_wconf 79' lang='lat' dir='ltr'><strong>physiologorum‚</strong></span> <span class='ocrx_word' id='word_1_105' title='bbox 1076 1962 1184 2048; x_wconf 88' lang='lat' dir='ltr'><strong>qualis</strong></span> <span class='ocrx_word' id='word_1_106' title='bbox 1209 1963 1242 2029; x_wconf 89' lang='lat' dir='ltr'><strong>in</strong></span> <span class='ocrx_word' id='word_1_107' title='bbox 1262 1961 1332 2028; x_wconf 90' lang='lat' dir='ltr'><strong>So-</strong></span> 
     </span>
     <span class='ocr_line' id='line_1_16' title="bbox 182 2060 1333 2155; baseline 0 -26"><span class='ocrx_word' id='word_1_108' title='bbox 182 2064 312 2139; x_wconf 78' lang='lat' dir='ltr'><strong>craticis</strong></span> <span class='ocrx_word' id='word_1_109' title='bbox 339 2061 462 2136; x_wconf 84' lang='lat' dir='ltr'><strong>scholis</strong></span> <span class='ocrx_word' id='word_1_110' title='bbox 486 2060 679 2155; x_wconf 80' lang='lat' dir='ltr'><strong>obtinebat,</strong></span> <span class='ocrx_word' id='word_1_111' title='bbox 723 2061 925 2129; x_wconf 88' lang='lat' dir='ltr'><strong>constituere</strong></span> <span class='ocrx_word' id='word_1_112' title='bbox 952 2062 1145 2149; x_wconf 87' lang='lat' dir='ltr'><strong>voluerunt,</strong></span> <span class='ocrx_word' id='word_1_113' title='bbox 1182 2070 1220 2130; x_wconf 90' lang='lat' dir='ltr'><strong>ut</strong></span> <span class='ocrx_word' id='word_1_114' title='bbox 1246 2063 1333 2130; x_wconf 88' lang='lat' dir='ltr'><strong>alter</strong></span> 
     </span>
     <span class='ocr_line' id='line_1_17' title="bbox 134 2163 1334 2258; baseline -0.007 -19"><span class='ocrx_word' id='word_1_115' title='bbox 134 2233 138 2238; x_wconf 92' lang='lat'>.</span> <span class='ocrx_word' id='word_1_116' title='bbox 182 2171 227 2258; x_wconf 81' lang='lat' dir='ltr'><strong>ab</strong></span> <span class='ocrx_word' id='word_1_117' title='bbox 254 2168 381 2249; x_wconf 86' lang='lat' dir='ltr'><strong>altero,</strong></span> <span class='ocrx_word' id='word_1_118' title='bbox 415 2163 678 2252; x_wconf 80' lang='lat' dir='ltr'><strong>quotiescunque</strong></span> <span class='ocrx_word' id='word_1_119' title='bbox 703 2185 755 2232; x_wconf 86' lang='lat' dir='ltr'><strong>res</strong></span> <span class='ocrx_word' id='word_1_120' title='bbox 781 2163 827 2230; x_wconf 89' lang='lat' dir='ltr'><strong>ita</strong></span> <span class='ocrx_word' id='word_1_121' title='bbox 853 2164 975 2250; x_wconf 86' lang='lat' dir='ltr'><strong>ferret,</strong></span> <span class='ocrx_word' id='word_1_122' title='bbox 1002 2164 1192 2233; x_wconf 87' lang='lat' dir='ltr'><strong>doctrinam</strong></span> <span class='ocrx_word' id='word_1_123' title='bbox 1218 2174 1252 2233; x_wconf 91' lang='lat' dir='ltr'><strong>et</strong></span> <span class='ocrx_word' id='word_1_124' title='bbox 1276 2165 1334 2232; x_wconf 95' lang='lat' dir='ltr'><strong>lo-</strong></span> 
     </span>
    </p>
   </div>
   <div class='ocr_carea' id='block_1_8' title="bbox 183 2264 1441 2360">
    <p class='ocr_par' dir='ltr' id='par_1_8' title="bbox 183 2264 1441 2360">
     <span class='ocr_line' id='line_1_18' title="bbox 183 2264 1441 2360; baseline -0.004 -20"><span class='ocrx_word' id='word_1_125' title='bbox 183 2292 262 2340; x_wconf 86' lang='lat' dir='ltr'><strong>cum</strong></span> <span class='ocrx_word' id='word_1_126' title='bbox 287 2269 382 2360; x_wconf 85' lang='lat' dir='ltr'><strong>quasi</strong></span> <span class='ocrx_word' id='word_1_127' title='bbox 408 2264 670 2339; x_wconf 88' lang='lat' dir='ltr'><strong>haereditario</strong></span> <span class='ocrx_word' id='word_1_128' title='bbox 660 2288 731 2334; x_wconf 91' lang='lat' dir='ltr'><strong>rure</strong></span> <span class='ocrx_word' id='word_1_129' title='bbox 757 2267 945 2360; x_wconf 83' lang='lat' dir='ltr'><strong>acceperit,</strong></span> <span class='ocrx_word' id='word_1_130' title='bbox 979 2265 1013 2337; x_wconf 86' lang='lat' dir='ltr'><strong>in</strong></span> <span class='ocrx_word' id='word_1_131' title='bbox 1040 2287 1082 2334; x_wconf 92' lang='lat' dir='ltr'><strong>eo</strong></span> <span class='ocrx_word' id='word_1_132' title='bbox 1108 2265 1203 2335; x_wconf 87' lang='lat' dir='ltr'><strong>haud</strong></span> <span class='ocrx_word' id='word_1_133' title='bbox 1230 2267 1333 2336; x_wconf 87' lang='lat' dir='ltr'><strong>dubie</strong></span> <span class='ocrx_word' id='word_1_134' title='bbox 1440 2272 1441 2286; x_wconf 62' lang='lat'>¹</span> 
     </span>
    </p>
   </div>
   <div class='ocr_carea' id='block_1_9' title="bbox 183 2361 1334 2466">
    <p class='ocr_par' dir='ltr' id='par_1_9' title="bbox 183 2361 1334 2466">
     <span class='ocr_line' id='line_1_19' title="bbox 183 2361 1334 2466; baseline 0.001 -28"><span class='ocrx_word' id='word_1_135' title='bbox 183 2363 285 2445; x_wconf 78' lang='lat' dir='ltr'><strong>falsi</strong></span> <span class='ocrx_word' id='word_1_136' title='bbox 294 2379 386 2455; x_wconf 81' lang='lat' dir='ltr'><strong>suot,</strong></span> <span class='ocrx_word' id='word_1_137' title='bbox 426 2378 463 2438; x_wconf 85' lang='lat' dir='ltr'><strong>ut</strong></span> <span class='ocrx_word' id='word_1_138' title='bbox 498 2361 553 2439; x_wconf 86' lang='lat' dir='ltr'><strong>vol</strong></span> <span class='ocrx_word' id='word_1_139' title='bbox 588 2370 743 2437; x_wconf 92' lang='lat' dir='ltr'><strong>locorum</strong></span> <span class='ocrx_word' id='word_1_140' title='bbox 768 2370 970 2466; x_wconf 85' lang='lat' dir='ltr'><strong>plerumque</strong></span> <span class='ocrx_word' id='word_1_141' title='bbox 996 2369 1030 2436; x_wconf 91' lang='lat' dir='ltr'><strong>di</strong></span> <span class='ocrx_word' id='word_1_142' title='bbox 1033 2369 1167 2464; x_wconf 86' lang='lat' dir='ltr'><strong>stantia,</strong></span> <span class='ocrx_word' id='word_1_143' title='bbox 1212 2371 1334 2463; x_wconf 84' lang='lat' dir='ltr'><strong>quibus</strong></span> 
     </span>
    </p>
   </div>
   <div class='ocr_carea' id='block_1_10' title="bbox 184 2457 1443 2569">
    <p class='ocr_par' dir='ltr' id='par_1_10' title="bbox 184 2457 1443 2569">
     <span class='ocr_line' id='line_1_20' title="bbox 184 2457 1443 2569; baseline 0.001 -28"><span class='ocrx_word' id='word_1_144' title='bbox 184 2474 403 2569; x_wconf 79' lang='lat' dir='ltr'><strong>physicorum</strong></span> <span class='ocrx_word' id='word_1_145' title='bbox 437 2472 605 2563; x_wconf 87' lang='lat' dir='ltr'><strong>principes</strong></span> <span class='ocrx_word' id='word_1_146' title='bbox 637 2471 827 2563; x_wconf 84' lang='lat' dir='ltr'><strong>degebant,</strong></span> <span class='ocrx_word' id='word_1_147' title='bbox 866 2481 900 2539; x_wconf 92' lang='lat' dir='ltr'><strong>et</strong></span> <span class='ocrx_word' id='word_1_148' title='bbox 925 2457 1190 2561; x_wconf 82' lang='lat' dir='ltr'><strong>frequentissima</strong></span> <span class='ocrx_word' id='word_1_149' title='bbox 1216 2495 1334 2543; x_wconf 86' lang='lat' dir='ltr'><strong>eorum</strong></span> <span class='ocrx_word' id='word_1_150' title='bbox 1442 2491 1443 2502; x_wconf 59' lang='lat'>¹</span> 
     </span>
    </p>
   </div>
   <div class='ocr_carea' id='block_1_11' title="bbox 163 2574 1343 4411">
    <p class='ocr_par' dir='ltr' id='par_1_11' title="bbox 163 2574 1343 4411">
     <span class='ocr_line' id='line_1_21' title="bbox 184 2574 1333 2666; baseline 0 -20"><span class='ocrx_word' id='word_1_151' title='bbox 184 2579 303 2648; x_wconf 88' lang='lat' dir='ltr'><strong>itinera</strong></span> <span class='ocrx_word' id='word_1_152' title='bbox 330 2575 516 2648; x_wconf 85' lang='lat' dir='ltr'><strong>ostendunt.</strong></span> <span class='ocrx_word' id='word_1_153' title='bbox 567 2574 682 2666; x_wconf 87' lang='lat' dir='ltr'><strong>Magis</strong></span> <span class='ocrx_word' id='word_1_154' title='bbox 717 2597 796 2644; x_wconf 84' lang='lat' dir='ltr'><strong>vero</strong></span> <span class='ocrx_word' id='word_1_155' title='bbox 834 2575 933 2642; x_wconf 85' lang='lat' dir='ltr'><strong>etiam</strong></span> <span class='ocrx_word' id='word_1_156' title='bbox 960 2584 1154 2666; x_wconf 90' lang='lat' dir='ltr'><strong>temporum</strong></span> <span class='ocrx_word' id='word_1_157' title='bbox 1180 2577 1333 2663; x_wconf 66' lang='lat' dir='ltr'><strong>rationes.</strong></span> 
     </span>
     <span class='ocr_line' id='line_1_22' title="bbox 187 2659 1335 2770; baseline -0.001 -22"><span class='ocrx_word' id='word_1_158' title='bbox 187 2659 293 2770; x_wconf 73' lang='lat' dir='ltr'><strong>Quod</strong></span> <span class='ocrx_word' id='word_1_159' title='bbox 319 2689 356 2754; x_wconf 80' lang='lat' dir='ltr'><strong>ut</strong></span> <span class='ocrx_word' id='word_1_160' title='bbox 382 2677 503 2748; x_wconf 86' lang='lat' dir='ltr'><strong>clarius</strong></span> <span class='ocrx_word' id='word_1_161' title='bbox 528 2677 751 2768; x_wconf 84' lang='lat' dir='ltr'><strong>intelligatur,</strong></span> <span class='ocrx_word' id='word_1_162' title='bbox 779 2699 935 2746; x_wconf 87' lang='lat' dir='ltr'><strong>exeamus</strong></span> <span class='ocrx_word' id='word_1_163' title='bbox 960 2679 1004 2747; x_wconf 92' lang='lat' dir='ltr'><strong>ab</strong></span> <span class='ocrx_word' id='word_1_164' title='bbox 1023 2681 1246 2770; x_wconf 83' lang='lat' dir='ltr'><strong>Anaxagora,</strong></span> <span class='ocrx_word' id='word_1_165' title='bbox 1273 2702 1335 2749; x_wconf 89' lang='lat' dir='ltr'><strong>cu·</strong></span> 
     </span>
     <span class='ocr_line' id='line_1_23' title="bbox 185 2767 1333 2873; baseline -0.002 -22"><span class='ocrx_word' id='word_1_166' title='bbox 185 2784 237 2852; x_wconf 90' lang='lat' dir='ltr'><strong>ius</strong></span> <span class='ocrx_word' id='word_1_167' title='bbox 262 2784 339 2853; x_wconf 86' lang='lat' dir='ltr'><strong>satis</strong></span> <span class='ocrx_word' id='word_1_168' title='bbox 365 2791 455 2856; x_wconf 84' lang='lat' dir='ltr'><strong>certa</strong></span> <span class='ocrx_word' id='word_1_169' title='bbox 482 2788 573 2852; x_wconf 86' lang='lat' dir='ltr'><strong>aetas</strong></span> <span class='ocrx_word' id='word_1_170' title='bbox 593 2803 663 2848; x_wconf 87' lang='lat' dir='ltr'><strong>csse</strong></span> <span class='ocrx_word' id='word_1_171' title='bbox 684 2780 828 2865; x_wconf 88' lang='lat' dir='ltr'><strong>videtur,</strong></span> <span class='ocrx_word' id='word_1_172' title='bbox 863 2781 890 2848; x_wconf 91' lang='lat' dir='ltr'><strong>si</strong></span> <span class='ocrx_word' id='word_1_173' title='bbox 913 2767 1004 2852; x_wconf 89' lang='lat' dir='ltr'><strong>solos</strong></span> <span class='ocrx_word' id='word_1_174' title='bbox 1027 2784 1158 2873; x_wconf 87' lang='lat' dir='ltr'><strong>cogites</strong></span> <span class='ocrx_word' id='word_1_175' title='bbox 1181 2789 1264 2868; x_wconf 82' lang='lat' dir='ltr'><strong>eos‚&#39;‚</strong></span> <span class='ocrx_word' id='word_1_176' title='bbox 1275 2782 1333 2872; x_wconf 91' lang='lat' dir='ltr'><strong>qui</strong></span> 
     </span>
     <span class='ocr_line' id='line_1_24' title="bbox 187 2882 1335 2978; baseline -0.001 -25"><span class='ocrx_word' id='word_1_177' title='bbox 187 2885 337 2960; x_wconf 88' lang='grc' dir='ltr'>οιιιιιῐιιιιι</span> <span class='ocrx_word' id='word_1_178' title='bbox 362 2904 522 2954; x_wconf 86' lang='lat' dir='ltr'><strong>consensu</strong></span> <span class='ocrx_word' id='word_1_179' title='bbox 542 2883 611 2950; x_wconf 88' lang='lat' dir='ltr'><strong>eius</strong></span> <span class='ocrx_word' id='word_1_180' title='bbox 630 2882 786 2971; x_wconf 87' lang='lat' dir='ltr'><strong>discipuli</strong></span> <span class='ocrx_word' id='word_1_181' title='bbox 808 2882 972 2953; x_wconf 88' lang='lat' dir='ltr'><strong>dicuntur.</strong></span> <span class='ocrx_word' id='word_1_182' title='bbox 1006 2884 1085 2954; x_wconf 86' lang='lat' dir='ltr'><strong>Vid.</strong></span> <span class='ocrx_word' id='word_1_183' title='bbox 1109 2883 1335 2978; x_wconf 71' lang='lat' dir='ltr'><strong>Sebendoclr.</strong></span> 
     </span>
     <span class='ocr_line' id='line_1_25' title="bbox 187 2983 1336 3078; baseline -0.001 -23"><span class='ocrx_word' id='word_1_184' title='bbox 187 2985 293 3056; x_wconf 84' lang='lat' dir='ltr'><strong>Anax.</strong></span> <span class='ocrx_word' id='word_1_185' title='bbox 323 3008 362 3076; x_wconf 89' lang='lat' dir='ltr'><strong>p.</strong></span> <span class='ocrx_word' id='word_1_186' title='bbox 390 2983 440 3056; x_wconf 87' lang='grc'><strong>17</strong></span> <span class='ocrx_word' id='word_1_187' title='bbox 467 3008 508 3055; x_wconf 85' lang='lat' dir='ltr'><strong>ss.</strong></span> <span class='ocrx_word' id='word_1_188' title='bbox 558 2985 662 3052; x_wconf 87' lang='lat' dir='ltr'><strong>Natus</strong></span> <span class='ocrx_word' id='word_1_189' title='bbox 699 2993 769 3052; x_wconf 87' lang='lat' dir='ltr'><strong>erat</strong></span> <span class='ocrx_word' id='word_1_190' title='bbox 801 2985 1021 3078; x_wconf 85' lang='lat' dir='ltr'><strong>Anaxagoras</strong></span> <span class='ocrx_word' id='word_1_191' title='bbox 1055 2985 1196 3078; x_wconf 81' lang='lat' dir='ltr'><strong>Olymp.</strong></span> <span class='ocrx_word' id='word_1_192' title='bbox 1219 2986 1336 3071; x_wconf 80' lang='lat' dir='ltr'><strong>LXX,</strong></span> 
     </span>
     <span class='ocr_line' id='line_1_26' title="bbox 190 3082 1337 3175; baseline 0 -19"><span class='ocrx_word' id='word_1_193' title='bbox 190 3089 238 3158; x_wconf 86' lang='lat'><strong>1.·</strong></span> <span class='ocrx_word' id='word_1_194' title='bbox 256 3089 278 3161; x_wconf 86' lang='lat' dir='ltr'><strong>i.</strong></span> <span class='ocrx_word' id='word_1_195' title='bbox 311 3110 340 3154; x_wconf 89' lang='lat' dir='ltr'><strong>e.</strong></span> <span class='ocrx_word' id='word_1_196' title='bbox 376 3082 453 3160; x_wconf 86' lang='grc'><strong>500</strong></span> <span class='ocrx_word' id='word_1_197' title='bbox 484 3109 514 3153; x_wconf 91' lang='lat' dir='ltr'><strong>a.</strong></span> <span class='ocrx_word' id='word_1_198' title='bbox 549 3085 632 3157; x_wconf 85' lang='lat' dir='ltr'><strong>Clrr.</strong></span> <span class='ocrx_word' id='word_1_199' title='bbox 659 3109 710 3167; x_wconf 88' lang='lat' dir='ltr'><strong>n.;</strong></span> <span class='ocrx_word' id='word_1_200' title='bbox 754 3086 872 3156; x_wconf 85' lang='lat' dir='ltr'><strong>vixisse</strong></span> <span class='ocrx_word' id='word_1_201' title='bbox 906 3099 1018 3157; x_wconf 89' lang='lat' dir='ltr'><strong>autem</strong></span> <span class='ocrx_word' id='word_1_202' title='bbox 1053 3088 1195 3175; x_wconf 87' lang='lat' dir='ltr'><strong>traditur</strong></span> <span class='ocrx_word' id='word_1_203' title='bbox 1233 3110 1337 3156; x_wconf 88' lang='lat' dir='ltr'><strong>annos</strong></span> 
     </span>
     <span class='ocr_line' id='line_1_27' title="bbox 188 3177 1334 3288; baseline -0.003 -24"><span class='ocrx_word' id='word_1_204' title='bbox 188 3181 331 3288; x_wconf 74' lang='lat' dir='ltr'><strong>LXXll,</strong></span> <span class='ocrx_word' id='word_1_205' title='bbox 358 3190 405 3257; x_wconf 86' lang='lat' dir='ltr'><strong>ita</strong></span> <span class='ocrx_word' id='word_1_206' title='bbox 430 3181 466 3260; x_wconf 84' lang='lat' dir='ltr'><strong>ut</strong></span> <span class='ocrx_word' id='word_1_207' title='bbox 485 3177 633 3283; x_wconf 67' lang='lat' dir='ltr'><strong>olymp.</strong></span> <span class='ocrx_word' id='word_1_208' title='bbox 665 3180 948 3277; x_wconf 44' lang='lat' dir='ltr'><strong>Lxxxv111,11.</strong></span> <span class='ocrx_word' id='word_1_209' title='bbox 973 3190 1009 3260; x_wconf 89' lang='lat' dir='ltr'><strong>lr.</strong></span> <span class='ocrx_word' id='word_1_210' title='bbox 1039 3213 1069 3258; x_wconf 87' lang='lat' dir='ltr'><strong>e.</strong></span> <span class='ocrx_word' id='word_1_211' title='bbox 1090 3188 1167 3257; x_wconf 82' lang='lat'><strong>428</strong></span> <span class='ocrx_word' id='word_1_212' title='bbox 1193 3213 1224 3256; x_wconf 88' lang='lat' dir='ltr'><strong>a.</strong></span> <span class='ocrx_word' id='word_1_213' title='bbox 1252 3189 1334 3259; x_wconf 86' lang='lat' dir='ltr'><strong>Chr.</strong></span> 
     </span>
     <span class='ocr_line' id='line_1_28' title="bbox 189 3293 1338 3378; baseline -0.003 -14"><span class='ocrx_word' id='word_1_214' title='bbox 189 3316 221 3364; x_wconf 90' lang='grc' dir='ltr'>ιι.-</span> <span class='ocrx_word' id='word_1_215' title='bbox 247 3303 396 3363; x_wconf 89' lang='lat' dir='ltr'><strong>mortuus</strong></span> <span class='ocrx_word' id='word_1_216' title='bbox 420 3293 470 3367; x_wconf 85' lang='lat' dir='ltr'><strong>sit,</strong></span> <span class='ocrx_word' id='word_1_217' title='bbox 522 3293 734 3364; x_wconf 77' lang='lat' dir='ltr'><strong>Anaximenis</strong></span> <span class='ocrx_word' id='word_1_218' title='bbox 761 3293 885 3366; x_wconf 82' lang='lat' dir='ltr'><strong>deinde</strong></span> <span class='ocrx_word' id='word_1_219' title='bbox 911 3302 1002 3366; x_wconf 90' lang='lat' dir='ltr'><strong>aetas</strong></span> <span class='ocrx_word' id='word_1_220' title='bbox 1031 3302 1099 3361; x_wconf 90' lang='lat' dir='ltr'><strong>tam</strong></span> <span class='ocrx_word' id='word_1_221' title='bbox 1122 3295 1249 3364; x_wconf 89' lang='lat' dir='ltr'><strong>incerta</strong></span> <span class='ocrx_word' id='word_1_222' title='bbox 1269 3301 1338 3378; x_wconf 81' lang='lat' dir='ltr'><strong>est,</strong></span> 
     </span>
     <span class='ocr_line' id='line_1_29' title="bbox 189 3396 1338 3486; baseline -0.002 -20"><span class='ocrx_word' id='word_1_223' title='bbox 189 3405 228 3468; x_wconf 87' lang='lat' dir='ltr'><strong>ut</strong></span> <span class='ocrx_word' id='word_1_224' title='bbox 253 3407 380 3468; x_wconf 87' lang='lat' dir='ltr'><strong>veteres</strong></span> <span class='ocrx_word' id='word_1_225' title='bbox 403 3396 581 3486; x_wconf 80' lang='lat' dir='ltr'><strong>scriptores</strong></span> <span class='ocrx_word' id='word_1_226' title='bbox 606 3396 639 3463; x_wconf 88' lang='lat' dir='ltr'><strong>in</strong></span> <span class='ocrx_word' id='word_1_227' title='bbox 666 3419 752 3468; x_wconf 88' lang='lat' dir='ltr'><strong>auno</strong></span> <span class='ocrx_word' id='word_1_228' title='bbox 781 3397 850 3466; x_wconf 84' lang='lat' dir='ltr'><strong>eius</strong></span> <span class='ocrx_word' id='word_1_229' title='bbox 876 3398 978 3466; x_wconf 90' lang='lat' dir='ltr'><strong>natali</strong></span> <span class='ocrx_word' id='word_1_230' title='bbox 999 3397 1231 3467; x_wconf 89' lang='lat' dir='ltr'><strong>constituendo</strong></span> <span class='ocrx_word' id='word_1_231' title='bbox 1259 3406 1338 3466; x_wconf 90' lang='lat' dir='ltr'><strong>octo</strong></span> 
     </span>
     <span class='ocr_line' id='line_1_30' title="bbox 190 3497 1339 3596; baseline 0.006 -33"><span class='ocrx_word' id='word_1_232' title='bbox 190 3497 454 3596; x_wconf 74' lang='lat' dir='ltr'><strong>olympiadibus</strong></span> <span class='ocrx_word' id='word_1_233' title='bbox 479 3501 566 3566; x_wconf 91' lang='lat' dir='ltr'><strong>inter</strong></span> <span class='ocrx_word' id='word_1_234' title='bbox 591 3522 626 3568; x_wconf 87' lang='lat' dir='ltr'><strong>se</strong></span> <span class='ocrx_word' id='word_1_235' title='bbox 653 3499 821 3570; x_wconf 85' lang='lat' dir='ltr'><strong>differant.</strong></span> <span class='ocrx_word' id='word_1_236' title='bbox 872 3499 943 3568; x_wconf 87' lang='lat' dir='ltr'><strong>Sed</strong></span> <span class='ocrx_word' id='word_1_237' title='bbox 972 3502 1116 3584; x_wconf 89' lang='lat' dir='ltr'><strong>etiamsi,</strong></span> <span class='ocrx_word' id='word_1_238' title='bbox 1143 3500 1236 3588; x_wconf 91' lang='lat' dir='ltr'><strong>quod</strong></span> <span class='ocrx_word' id='word_1_239' title='bbox 1256 3497 1339 3594; x_wconf 80' lang='grc' dir='ltr'><strong><em>περὶ</em></strong></span> 
     </span>
     <span class='ocr_line' id='line_1_31' title="bbox 191 3599 1340 3694; baseline -0.002 -25"><span class='ocrx_word' id='word_1_240' title='bbox 191 3600 264 3670; x_wconf 77' lang='grc' dir='ltr'><strong>τῶν</strong></span> <span class='ocrx_word' id='word_1_241' title='bbox 296 3603 469 3694; x_wconf 74' lang='grc' dir='ltr'><em>Σαρδίων</em></span> <span class='ocrx_word' id='word_1_242' title='bbox 497 3599 630 3674; x_wconf 78' lang='grc' dir='ltr'>ἅλωσιν</span> <span class='ocrx_word' id='word_1_243' title='bbox 656 3611 805 3673; x_wconf 85' lang='lat' dir='ltr'><strong>mortuus</strong></span> <span class='ocrx_word' id='word_1_244' title='bbox 833 3623 902 3667; x_wconf 88' lang='lat' dir='ltr'><strong>esse</strong></span> <span class='ocrx_word' id='word_1_245' title='bbox 934 3602 1071 3686; x_wconf 87' lang='lat' dir='ltr'><strong>dicitur,</strong></span> <span class='ocrx_word' id='word_1_246' title='bbox 1108 3603 1154 3670; x_wconf 87' lang='lat' dir='ltr'><strong>ita</strong></span> <span class='ocrx_word' id='word_1_247' title='bbox 1182 3603 1340 3691; x_wconf 88' lang='lat' dir='ltr'><strong>accipias,</strong></span> 
     </span>
     <span class='ocr_line' id='line_1_32' title="bbox 192 3701 1340 3793; baseline 0.002 -25"><span class='ocrx_word' id='word_1_248' title='bbox 192 3710 230 3768; x_wconf 92' lang='lat' dir='ltr'><strong>ut</strong></span> <span class='ocrx_word' id='word_1_249' title='bbox 256 3722 357 3790; x_wconf 83' lang='lat' dir='ltr'><strong>quam</strong></span> <span class='ocrx_word' id='word_1_250' title='bbox 384 3701 456 3767; x_wconf 88' lang='lat' dir='ltr'><strong>fieri</strong></span> <span class='ocrx_word' id='word_1_251' title='bbox 483 3710 594 3793; x_wconf 88' lang='lat' dir='ltr'><strong>potest</strong></span> <span class='ocrx_word' id='word_1_252' title='bbox 615 3704 769 3790; x_wconf 84' lang='lat' dir='ltr'><strong>proxime</strong></span> <span class='ocrx_word' id='word_1_253' title='bbox 790 3701 833 3768; x_wconf 86' lang='lat' dir='ltr'><strong>ad</strong></span> <span class='ocrx_word' id='word_1_254' title='bbox 854 3704 1077 3793; x_wconf 80' lang='lat' dir='ltr'><strong>Anaxagorae</strong></span> <span class='ocrx_word' id='word_1_255' title='bbox 1098 3711 1253 3793; x_wconf 89' lang='lat' dir='ltr'><strong>tempora</strong></span> <span class='ocrx_word' id='word_1_256' title='bbox 1269 3713 1340 3770; x_wconf 87' lang='lat' dir='ltr'><strong>tra-</strong></span> 
     </span>
     <span class='ocr_line' id='line_1_33' title="bbox 163 3797 1341 3895; baseline 0.005 -29"><span class='ocrx_word' id='word_1_257' title='bbox 163 3797 294 3869; x_wconf 86' lang='lat' dir='ltr'><strong>.hatur</strong></span> <span class='ocrx_word' id='word_1_258' title='bbox 327 3823 387 3882; x_wconf 83' lang='lat' dir='ltr'><strong>eo,</strong></span> <span class='ocrx_word' id='word_1_259' title='bbox 436 3802 530 3889; x_wconf 86' lang='lat' dir='ltr'><strong>qnod</strong></span> <span class='ocrx_word' id='word_1_260' title='bbox 563 3824 630 3869; x_wconf 93' lang='grc' dir='ltr'>ιιοιι</span> <span class='ocrx_word' id='word_1_261' title='bbox 664 3805 709 3870; x_wconf 88' lang='lat' dir='ltr'><strong>de</strong></span> <span class='ocrx_word' id='word_1_262' title='bbox 747 3803 905 3872; x_wconf 88' lang='lat' dir='ltr'><strong>Sardium</strong></span> <span class='ocrx_word' id='word_1_263' title='bbox 940 3806 1163 3893; x_wconf 88' lang='lat' dir='ltr'><strong>occupatione</strong></span> <span class='ocrx_word' id='word_1_264' title='bbox 1196 3829 1216 3872; x_wconf 90' lang='lat' dir='ltr'><strong>a</strong></span> <span class='ocrx_word' id='word_1_265' title='bbox 1249 3804 1341 3895; x_wconf 85' lang='lat' dir='ltr'><strong>Cyro</strong></span> 
     </span>
     <span class='ocr_line' id='line_1_34' title="bbox 194 3899 1341 4024; baseline 0.004 -52"><span class='ocrx_word' id='word_1_266' title='bbox 194 3903 333 4024; x_wconf 80' lang='lat' dir='ltr'><strong>olymp.</strong></span> <span class='ocrx_word' id='word_1_267' title='bbox 364 3899 414 3971; x_wconf 73' lang='grc'><strong>58</strong></span> <span class='ocrx_word' id='word_1_268' title='bbox 452 3905 540 3980; x_wconf 80' lang='lat' dir='ltr'><strong>lacta</strong></span> <span class='ocrx_word' id='word_1_269' title='bbox 573 3927 760 3978; x_wconf 87' lang='lat' dir='ltr'><strong>sermonem</strong></span> <span class='ocrx_word' id='word_1_270' title='bbox 795 3929 865 3976; x_wconf 86' lang='lat' dir='ltr'><strong>esse</strong></span> <span class='ocrx_word' id='word_1_271' title='bbox 892 3906 1002 3988; x_wconf 89' lang='lat' dir='ltr'><strong>dicas,</strong></span> <span class='ocrx_word' id='word_1_272' title='bbox 1029 3907 1089 3976; x_wconf 73' lang='lat' dir='ltr'><strong>ssd</strong></span> <span class='ocrx_word' id='word_1_273' title='bbox 1117 3907 1160 3976; x_wconf 90' lang='lat' dir='ltr'><strong>de</strong></span> <span class='ocrx_word' id='word_1_274' title='bbox 1187 3909 1341 3978; x_wconf 89' lang='lat' dir='ltr'><strong>Graeco-</strong></span> 
     </span>
     <span class='ocr_line' id='line_1_35' title="bbox 194 4001 1342 4100; baseline 0.003 -26"><span class='ocrx_word' id='word_1_275' title='bbox 194 4031 268 4076; x_wconf 86' lang='lat' dir='ltr'><strong>rum</strong></span> <span class='ocrx_word' id='word_1_276' title='bbox 295 4006 462 4076; x_wconf 77' lang='lat' dir='ltr'><strong>invasione</strong></span> <span class='ocrx_word' id='word_1_277' title='bbox 489 4007 646 4096; x_wconf 85' lang='lat' dir='ltr'><strong>urbisque</strong></span> <span class='ocrx_word' id='word_1_278' title='bbox 672 4008 937 4100; x_wconf 84' lang='lat' dir='ltr'><strong>conflagratione</strong></span> <span class='ocrx_word' id='word_1_279' title='bbox 964 4001 1103 4100; x_wconf 81' lang='lat' dir='ltr'><strong>Olynrp.</strong></span> <span class='ocrx_word' id='word_1_280' title='bbox 1131 4009 1342 4096; x_wconf 77' lang='lat' dir='ltr'><strong>68,2·1.e.</strong></span> 
     </span>
     <span class='ocr_line' id='line_1_36' title="bbox 197 4108 1342 4205; baseline 0.001 -29"><span class='ocrx_word' id='word_1_281' title='bbox 197 4132 298 4176; x_wconf 85' lang='lat' dir='ltr'><strong>anno</strong></span> <span class='ocrx_word' id='word_1_282' title='bbox 295 4109 404 4176; x_wconf 77' lang='lat'><strong>502</strong></span> <span class='ocrx_word' id='word_1_283' title='bbox 402 4133 441 4176; x_wconf 82' lang='lat' dir='ltr'><strong>a.</strong></span> <span class='ocrx_word' id='word_1_284' title='bbox 470 4108 551 4176; x_wconf 82' lang='lat' dir='ltr'><strong>chr.</strong></span> <span class='ocrx_word' id='word_1_285' title='bbox 578 4133 609 4176; x_wconf 93' lang='grc' dir='ltr'><strong>ιι.</strong></span> <span class='ocrx_word' id='word_1_286' title='bbox 638 4109 893 4200; x_wconf 75' lang='lat' dir='ltr'><strong>(Herodoto,</strong></span> <span class='ocrx_word' id='word_1_287' title='bbox 921 4111 1004 4182; x_wconf 84' lang='lat'><strong>10⁰</strong></span> <span class='ocrx_word' id='word_1_288' title='bbox 1034 4113 1160 4205; x_wconf 29' lang='lat'>1015)</span> <span class='ocrx_word' id='word_1_289' title='bbox 1192 4114 1264 4182; x_wconf 88' lang='lat' dir='ltr'><strong>lieri</strong></span> <span class='ocrx_word' id='word_1_290' title='bbox 1290 4123 1342 4178; x_wconf 87' lang='lat' dir='ltr'><strong>ta·</strong></span> 
     </span>
     <span class='ocr_line' id='line_1_37' title="bbox 197 4213 1342 4305; baseline 0.003 -28"><span class='ocrx_word' id='word_1_291' title='bbox 197 4233 358 4279; x_wconf 90' lang='lat' dir='ltr'><strong>mennon</strong></span> <span class='ocrx_word' id='word_1_292' title='bbox 381 4213 501 4304; x_wconf 87' lang='lat' dir='ltr'><strong>potuit,</strong></span> <span class='ocrx_word' id='word_1_293' title='bbox 528 4220 564 4278; x_wconf 94' lang='lat' dir='ltr'><strong>ut</strong></span> <span class='ocrx_word' id='word_1_294' title='bbox 589 4215 808 4305; x_wconf 85' lang='lat' dir='ltr'><strong>Anaxagoras</strong></span> <span class='ocrx_word' id='word_1_295' title='bbox 830 4215 1041 4288; x_wconf 82' lang='lat' dir='ltr'><strong>Anaximenis</strong></span> <span class='ocrx_word' id='word_1_296' title='bbox 1064 4229 1147 4286; x_wconf 85' lang='lat' dir='ltr'><strong>esset</strong></span> <span class='ocrx_word' id='word_1_297' title='bbox 1166 4218 1233 4284; x_wconf 88' lang='lat' dir='ltr'><strong>sive</strong></span> <span class='ocrx_word' id='word_1_298' title='bbox 1255 4215 1342 4282; x_wconf 90' lang='lat' dir='ltr'><strong>ami-</strong></span> 
     </span>
     <span class='ocr_line' id='line_1_38' title="bbox 198 4303 1343 4411; baseline 0.003 -29"><span class='ocrx_word' id='word_1_299' title='bbox 198 4335 257 4382; x_wconf 84' lang='lat' dir='ltr'><strong>cus</strong></span> <span class='ocrx_word' id='word_1_300' title='bbox 289 4315 358 4381; x_wconf 83' lang='lat' dir='ltr'><strong>sive</strong></span> <span class='ocrx_word' id='word_1_301' title='bbox 383 4316 525 4385; x_wconf 89' lang='lat' dir='ltr'><strong>auditor.</strong></span> <span class='ocrx_word' id='word_1_302' title='bbox 578 4316 668 4386; x_wconf 88' lang='lat' dir='ltr'><strong>Hinc</strong></span> <span class='ocrx_word' id='word_1_303' title='bbox 685 4303 774 4386; x_wconf 54' lang='lat' dir='ltr'><strong>&#39;vero</strong></span> <span class='ocrx_word' id='word_1_304' title='bbox 799 4303 1016 4411; x_wconf 83' lang='lat' dir='ltr'><strong>perspicuum</strong></span> <span class='ocrx_word' id='word_1_305' title='bbox 1043 4332 1109 4406; x_wconf 85' lang='lat' dir='ltr'><strong>cst,</strong></span> <span class='ocrx_word' id='word_1_306' title='bbox 1140 4321 1226 4388; x_wconf 91' lang='lat' dir='ltr'><strong>iuter</strong></span> <span class='ocrx_word' id='word_1_307' title='bbox 1249 4321 1343 4389; x_wconf 87' lang='lat' dir='ltr'><strong>Aua-</strong></span> 
     </span>
    </p>
   </div>
   <div class='ocr_carea' id='block_1_12' title="bbox 0 0 1506 4996">
    <p class='ocr_par' dir='ltr' id='par_1_12' title="bbox 0 0 1506 4996">
     <span class='ocr_line' id='line_1_39' title="bbox 0 0 1506 4996; baseline 0 0"><span class='ocrx_word' id='word_1_308' title='bbox 0 0 1506 4996; x_wconf 95' lang='lat' dir='ltr'><strong> </strong></span> 
     </span>
    </p>
   </div>
  </div>
 </body>
</html>
