2966 4990
564 404 813 496 oar-..maa
1193 411 1261 500 ur.

113 575 309 674 Alexandro
333 573 591 668 Apluodisiensi
614 577 750 666 prolata
773 585 863 665 runt,
890 578 1138 670 comparaveris
1162 575 1254 652 Dio-

111 663 244 767 genem
273 675 474 767 Dumium,
513 679 571 766 qni
601 679 720 748 itidem
751 680 873 770 refert,
904 703 993 769 qnae
1014 682 1259 771 Apolloniatae

111 788 227 846 nostro
252 779 297 846 de
321 787 429 852 terrae
455 780 648 870 originibus
664 782 862 871 placuerint.
892 775 966 879 Τήν
992 782 1078 875 γῆν,
1104 784 1150 849 ait
1169 785 1260 872 (IX,

110 875 199 969 δῖ),
225 875 469 982 στρογγύλην,
503 885 758 1007 ἐρηρεισμένην
793 888 832 956 ἐν
857 911 908 976 τῳ
934 885 1053 974 μέσῳ,
1089 911 1156 979 την
1184 881 1253 956 cd-

111 1005 241 1052 στασιν
268 985 470 1101 εἰληφυῖαν
487 975 584 1054 eard
608 1009 676 1074 την
699 987 737 1056 ἑκ
772 984 843 1059 τοῦ
875 954 1020 1080 deonoti
1045 1011 1259 1088 περνρσραν

109 1081 171 1154 uei
197 1082 303 1178 πῆξιν
328 1075 402 1155 dud
426 1083 495 1156 τοῦ
522 1083 677 1180 ψυχροῦ.

211 1248 297 1340 Cap.
324 1248 385 1322 'ID
436 1249 490 1320 Ac
515 1252 627 1342 primo
648 1249 786 1339 quidem
812 1251 906 1340 quod
931 1259 1054 1320 terram
1079 1255 1112 1320 in
1138 1255 1251 1323 media

107 1349 224 1418 mundi
248 1350 329 1422 sede
354 1351 501 1418 locatam
528 1375 599 1419 esse
624 1353 690 1438 ait,
717 1343 1157 1442 id'uberioreexpositione
1182 1379 1251 1423 non

108 1460 206 1542 eget,
232 1475 442 1540 quanquam,
468 1476 552 1542 quas
567 1451 667 1520 huius
692 1454 742 1520 rei
768 1475 882 1520 causas
908 1455 1053 1521 statuerit
1068 1455 1250 1545 Diogenes,

105 1562 216 1619 utrum
251 1561 382 1636 adrem,
424 1561 534 1625 terrae
575 1553 657 1625 moli
693 1554 920 1622 subiacentem
953 1577 1095 1643 eamque
1127 1555 1250 1624 sufful-
1295 1561 1296 1564 ’

105 1651 266 1737 cientem,
292 1676 353 1736 an,
378 1653 472 1740 quod
499 1654 607 1744 magis
633 1655 757 1742 placet,
783 1655 862 1743 quia
887 1664 1038 1723 terrenae
1052 1657 1249 1746 particulae,

104 1754 195 1823 circa
220 1754 329 1844 ipsum
354 1753 504 1822 medium
524 1754 685 1821 mundum
706 1756 896 1839 collectae,
921 1751 1172 1826 convenientem
1188 1783 1250 1826 na·

20 1888 24 1906 ·
102 1863 200 1923 turae
225 1878 306 1925 suae
326 1854 443 1924 locum
468 1857 612 1946 adeptae
638 1857 701 1926 sint
726 1858 897 1945 aliumque
921 1879 989 1927 non
1016 1861 1158 1949 amplius
1183 1883 1248 1950 ap-

102 1959 279 2047 petierint,
303 1979 371 2024 oon
396 1957 472 2026 satis
490 1959 619 2026 clarum
639 1966 696 2025 est.
748 1960 868 2050 Pergit
892 1960 1064 2049 Diogenes
1078 1961 1247 2029 Laertius.

101 2085 171 2154 την
197 2053 373 2131 σύστασιν
406 2062 591 2156 εἰληφυῖαν
624 2053 719 2132 κατσί
743 2087 811 2149 την
843 2089 881 2133 eu
907 2063 976 2132 τοῦ
1005 2063 1152 2153 θερμοῦ
1176 2090 1245 2134 πε-

102 2151 281 2256 ριφοράν,
320 2159 439 2249 paullo
472 2160 651 2230 obscurius.
724 2160 796 2229 Sed
835 2155 1010 2233 σύστασιν
1043 2159 1245 2254 λαμβάνειν

100 2258 196 2327 haud
230 2260 334 2327 dubie
364 2261 456 2328 idem
490 2273 555 2345 est,
593 2260 686 2349 quod
714 2261 958 2335 συνίστασθαι
993 2264 1077 2352 (vid.
1103 2275 1171 2333 not.
1200 2265 1244 2331 ad

99 2361 141 2431 sr.
166 2361 286 2452 lt),h
290 2385 346 2435 .e.
371 2363 531 2453 figurari,
555 2364 776 2447 conformari,
804 2386 919 2448 caque·
937 2385 1023 2432 voce
1048 2363 1081 2428 in
1106 2365 1146 2429 iis
1172 2364 1244 2430 fero

99 2470 236 2531 utuntur
259 2462 481 2555 philosophi,
506 2465 564 2530 nbi
590 2464 635 2529 de
660 2472 876 2530 certarerum
895 2463 1163 2530 conformatione
1189 2464 1243 2530 lo-

99 2575 261 2652 quuntur,
287 2587 375 2651 quae
401 2575 481 2651 apta
507 2564 694 2652 primomm
720 2561 881 2630 seminum
908 2564 1140 2632 coniunctione
1166 2567 1244 2631 elli-

98 2665 194 2737 citur.
247 2663 346 2747 Quae
371 2664 509 2752 quidem
535 2665 764 2752 interpretatio
781 2663 862 2732 huic
886 2665 983 2751 loco,
1010 2665 1054 2732 de
1079 2688 1149 2753 quo
1166 2668 1248 2758 agi

97 2789 183 2850 mue,
209 2765 306 2838 unice
332 2766 511 2833 convenire
535 2765 679 2848 videtur,
704 2765 731 2831 ei
747 2764 884 2852 quidem
912 2789 975 2836 nee
1000 2767 1044 2834 do
1071 2777 1146 2835 ortu
1172 2778 1242 2835 ter·
1274 2769 1282 2775 ’

97 2890 252 2937 renamm
283 2867 544 2957 particularum,
586 2867 676 2936 unde
701 2875 806 2951 terta,
847 2869 955 2956 qualis
980 2890 1068 2936 nuno
1094 2878 1159 2952 eet,
1200 2871 1242 2936 sit

96 2971 216 3068 facta,
229 2968 337 3059 accipi
361 2977 492 3058 potest3
517 2967 647 3036 dudum
674 2969 760 3041 enim
781 2979 874 3038 ortae
898 2982 1006 3048 erant3
1032 2994 1095 3040 nec
1111 2971 1155 3038 de
1182 2995 1240 3039 ea-

95 3072 239 3140 rundem
272 3070 505 3154 concretione,
543 3080 662 3161 utpote
701 3094 802 3160 quam
829 3071 948 3163 frigori
973 3073 1090 3140 deberi
1116 3069 1247 3140 ‹liserte'

96 3174 242 3242 affirmet
254 3172 425 3263 Diogenes
439 3172 607 3251 Laiirtium
630 3173 677 3239 ita
696 3184 732 3239 ut
748 3182 883 3263 praeter
901 3175 1007 3262 ipsam
1024 3184 1131 3240 terrae
1146 3173 1238 3261 figu-

94 3297 167 3342 ram
194 3273 279 3340 nihil
305 3274 471 3360 reliquum
495 3274 554 3356 sit,
581 3296 649 3361 quo
677 3267 851 3344 σύστασιν
878 3273 973 3348 ‘utam
989 3273 1122 3347 referas.
1151 3273 1237 3339 Ver-

94 3376 145 3444 bis
170 3373 309 3443 deiude:
333 3367 430 3445 uara?
454 3366 521 3467 τήν
547 3377 584 3446 ἐκ
610 3374 679 3445 τοῦ
706 3375 850 3466 θερμοῦ
882 3367 1087 3466 περιφοράν
1121 3373 1237 3440 Ritte-

93 3499 156 3546 rue
188 3477 251 3566 (G.
278 3476 311 3546 d.
342 3477 415 3544 lon.
446 3475 574 3544 Philos.
607 3497 643 3564 p.
675 3471 737 3546 lii.
771 3485 839 3542 not.
867 3474 946 3564 46.)
979 3467 1025 3544 νδ
1059 3475 1236 3569 περιέχον,

94 3579 207 3649 calido
232 3585 310 3647 atre
336 3587 505 3659 constans,
530 3575 753 3668 significatum
778 3584 883 3663 putat.
936 3575 1041 3657 Quod
1059 3597 1162 3662 quarm
1177 3575 1247 3642 ve-'

92 3681 192 3748 rebar
217 3679 392 3770 equidem,
419 3689 456 3747 ut
479 3680 558 3746 eatis
584 3687 675 3748 recte
696 3679 742 3744 ita
767 3677 835 3746 dici
861 3686 991 3766 posset3
1017 3677 1061 3744 de
1086 3678 1151 3743 alia
1177 3699 1236 3743 ex-

92 3781 276 3872 plicatione
301 3781 454 3872 cogitare
485 3783 595 3871 coepi.
646 3781 761 3866 Atque
786 3779 946 3853 humidos
972 3800 1130 3868 vapores,
1156 3777 1234 3866 qui-

92 3885 156 3951 bus
180 3893 269 3949 terra
294 3883 338 3949 ab
363 3881 456 3948 initio
482 3885 577 3968 quasi
602 3873 736 3968 sepulta
760 3881 902 3962 iaceret,
929 3881 1109 3950 caloris-vi
1131 3879 1233 3944 deeu-

89 4005 155 4077 per
178 3982 346 4054 incidente
372 3981 556 4050 calefactos
582 4005 653 4050 esse
675 3990 708 4050 ct
733 3992 934 4066 attenuatos,
961 4005 1063 4072 supra
1088 3980 1233 4048 demon-

90 4097 228 4156 stratum
255 4093 313 4152 est.
365 4083 436 4154 Sed
456 4106 561 4171 quum
584 4083 714 4156 calidae
739 4092 877 4152 naturae
902 4108 942 4151 ox
966 4081 1131 4172 Diogenis
1155 4103 1227 4148 sen-

90 4191 194 4256 tentia
218 4185 395 4278 proprium
421 4195 522 4269 esset,
547 4195 676 4254 utnon
702 4185 811 4253 solum
838 4187 911 4276 ipsa
938 4194 1144 4266 moveretur,
1170 4181 1230 4249 sed

90 4291 163 4358 aliis
189 4291 289 4360 ctiam
316 4289 415 4357 rebus
441 4296 570 4356 motum
594 4288 788 4378 praeberet:
820 4308 964 4379 vapores
996 4286 1089 4372 illos,
1121 4294 1230 4354 terrae
