2966 4990
509 455 512 462 ’
611 483 713 551 ear.
740 486 798 554 σε
1204 494 1275 558 ¹¹oo

127 652 217 737 ὅξος.
274 647 327 726 Τ
306 682 325 727 ο
350 646 430 749 γοίρ
448 649 521 748 [τό]
547 653 620 752 πιλρ
643 653 758 729 καίειν
781 650 849 752 ‘c6u
870 659 909 728 ἐν
930 651 1029 752 αιλνςο
1016 654 1254 750 ’ἰκμτίθα,“
1228 686 1275 731 αν

124 755 241 828 καίειν
262 751 378 850 αὐτῷ·
404 783 449 827 το
441 749 512 829 66
534 751 762 847 εἰςιλοόμενον
789 786 837 838 εις
854 763 1006 832 εκαστον
1025 765 1139 832 ελκειν
1156 788 1197 831 τε
1213 761 1273 832 και
1384 811 1385 816 1
1469 834 1470 854 ρ

125 854 332 930 ἀναλίσκειν
353 851 401 928 ro*
417 861 456 930 ἐν
474 854 576 951 αὐτῷ
569 853 738 980 ιλγριλν
773 859 850 934 Τοιλ
873 853 1023 984 σιδήρου
1044 856 1208 940 ἕλκοντός
1229 889 1272 934 τε

124 986 186 1030 και
178 954 381 1031 πλείον’
357 960 528 1084 αφιέρτσς
556 954 667 1054 ιλγρόν
691 954 759 1057 r6u
781 961 890 1034 λίθον
916 957 1029 1034 οιλοαν
1049 958 1272 1083 ἀραιοτέραν

124 1060 194 1132 τσιλ
217 1052 368 1154 σιδήρου
394 1087 453 1130 και
445 1058 716 1155 γεωδεστίραν
739 1068 863 1135 πλεῖον
887 1067 1001 1135 ἕλκειν
1024 1057 1071 1134 ‘ro‘
1088 1056 1200 1187 ιλγρόν
1223 1059 1272 1136 ro*
1293 1139 1295 1143 ,

124 1156 202 1232 α’πιλ
215 1188 282 1232 τοο
268 1158 608 1286 παρανειμένρα’
584 1163 688 1254 αι’ρος
708 1163 731 1259 6
745 1160 905 1257 α’φιέναι.
950 1159 1005 1236 T6
1015 1165 1084 1254 μὲν
1100 1160 1166 1236 οιλν
1185 1191 1271 1256 σορ-

124 1263 221 1354 γενὲσ
240 1266 445 1334 i'iirououu'
427 1289 465 1334 εν
480 1260 573 1357 αιλτῃ
560 1264 783 1353 δέχεσθαι,
810 1292 853 1338 το
847 1258 910 1338 66
922 1259 977 1360 μή
991 1265 1169 1384 συγγενὲς
1166 1261 1271 1338 α’πω-

124 1369 217 1435 θεῖν
244 1360 340 1435 εἶναι
364 1363 402 1436 66
418 1359 514 1458 αὐτῇ
536 1365 687 1460 συγγενῆ
700 1360 767 1439 τόν
783 1364 930 1462 σίδηρον
946 1361 1009 1439 δια
1032 1360 1079 1437 r6
1095 1359 1169 1437 666
1185 1362 1271 1438 τοιλ-
1277 1375 1292 1396 ⁰

122 1491 192 1536 του
208 1468 321 1536 ἕλκειν
346 1491 388 1536 τε
411 1490 470 1536 και
463 1463 702 1552 δέχεσθαι·
685 1493 723 1538 εν
745 1463 857 1560 αὐτῇ·
883 1494 942 1538 και
935 1459 1025 1583 θεοί
1046 1467 1114 1586 τῆς
1131 1461 1269 1539 τούτου

123 1570 244 1646 ἕλξεως
265 1565 324 1637 καί
346 1559 413 1638 ndu
411 1564 579 1684 σίδηρον
603 1567 831 1638 ἐπισπᾶσθαι
844 1559 908 1685 ρλιοί
926 1559 995 1659 τήν
1014 1559 1161 1658 ἁθρόαν
1173 1558 1269 1647 ’ἕλξιν
1297 1621 1302 1630 .

123 1666 193 1738 τοιλ
209 1671 248 1737 ἐν
273 1661 375 1757 αὐτῷ
398 1662 522 1758 ιλρροιλ.
574 1666 722 1791 Μηκέτι
744 1668 782 1739 δι’·
806 1662 873 1740 τόν
896 1667 1043 1787 σίθηρσν
1064 1671 1178 1739 ἕλκειν
1200 1662 1268 1761 τήν
1368 1705 1370 1714 ·

122 1764 231 1838 λίθον
247 1793 298 1858 τῳ
285 1735 411 1859 666'
431 1763 546 1845 οὕτως
566 1762 659 1837 εἶναι
675 1761 742 1884 τοῖν
755 1765 945 1887 σίδρρσν’
921 1760 1075 1890 ριραιὸν,
1102 1765 1147 1848 uic
1171 1770 1270 1860 δέχε-

124 1876 217 1940 σθαι
238 1836 423 1939 ὀνίνασθαι
443 1861 591 1960 οίθρόαν
615 1861 683 1963 τήν
697 1864 763 1938 6ri'
789 1865 899 1962 αὐτῆς
912 1861 1121 1965 ὑγρότητα,
1154 1869 1271 1940 Pauca

123 1968 168 2036 ad
182 1968 274 2037 hune
294 1969 410 2037 looum
426 1967 658 2037 illustrandum
677 1969 835 2038 addenda
854 1981 938 2038 sunt.
989 1969 1044 2038 Ae
1064 1970 1176 2058 primo
1191 1973 1270 2060 qui·

123 2070 203 2139 dem
226 2070 322 2159 quod
348 2071 461 2137 omnia
479 2071 617 2140 metalla
637 2081 754 2138 natura
774 2095 833 2140 sua
853 2065 988 2163 ι’κμοίδα
1013 2071 1148 2140 trahere
1168 2083 1269 2161 atque
1297 2104 1302 2108 ·

124 2174 277 2242 emittere
290 2174 355 2259 ait,
381 2180 498 2261 aperte
511 2173 763 2262 respirationem
778 2173 817 2240 iis
835 2173 950 2242 tribuit
966 2180 1001 2240 et
1016 2173 1180 2254 animam;
1205 2175 1268 2244 sed

123 2274 301 2342 humidam
315 2274 410 2340 iilam
426 2295 467 2342 ao
482 2273 655 2342 deterioris
667 2286 777 2344 notae.
829 2275 893 2344 Est
909 2275 997 2344 enim
1020 2276 1172 2364 ipsorum
1195 2279 1268 2365 spi-

122 2379 203 2445 ritus
229 2379 361 2467 inpar
386 2373 421 2442 h.
437 2398 465 2446 e.
481 2375 654 2444 humidior
668 2384 742 2460 a6r‚
769 2399 871 2464 quem
884 2376 1007 2465 passim
1019 2376 1120 2442 etiam
1144 2376 1268 2464 appel·

123 2480 171 2546 lat
197 2477 390 2549 Alexander
417 2471 471 2549 τιλ
495 2473 607 2572 dypo'
614 2505 644 2550 ν.
704 2477 868 2545 Omnium
904 2485 1017 2545 autem
1051 2476 1268 2546 metallorum

122 2581 306 2671 plurimum
330 2581 482 2646 emittere
501 2587 613 2644 narrat
634 2600 690 2644 aes
704 2586 737 2644 et
758 2577 903 2644 ferrum:
928 2598 1031 2664 quam
1047 2597 1121 2643 rem
1134 2577 1267 2646 duobus

98 2731 102 2741 s
124 2681 328 2772 argumentis
348 2678 496 2768 probare
518 2687 680 2757 conatur;
704 2677 830 2760 altero,
861 2678 956 2765 quod
983 2678 1043 2743 ubi
1063 2677 1137 2767 igni
1158 2701 1268 2770 expo-

123 2793 264 2866 nuntur,
289 2781 399 2870 magis
420 2780 555 2847 omnino
578 2781 682 2854 minui
702 2778 857 2846 videntur
876 2778 965 2849 haee
985 2779 1138 2863 meiana,
1164 2803 1267 2869 quam

124 2893 237 2954 uetera
255 2881 382 2960 omnim
405 2883 521 2972 ignem
536 2881 625 2950 enini
639 2888 755 2949 natura
768 2903 827 2949 sua
841 2879 1019 2950 humidum
1035 2887 1159 2966 mirem,
1175 2904 1268 2956 ,aere

124 2994 158 3054 et
174 2985 265 3052 ferro
281 2983 581 3073 comprehensum,
606 2984 781 3052 absumere
802 2991 836 3051 et
858 2983 1013 3074 perdere.
1065 2983 1186 3051 Altero
1201 2984 1269 3052 uti-

124 3098 179 3156 tur
199 3083 420 3177 argumentm'
441 3085 535 3174 quod
558 3108 614 3153 aes
636 3095 670 3154 et
692 3085 839 3169 ferrum,
864 3106 969 3172 quum
992 3084 1070 3150 oleo
1089 3093 1147 3152 aut
1170 3094 1269 3154 aeeto

124 3189 332 3271 inficiantur,
364 3190 527 3279 aerugine
549 3187 770 3257 obducantur.
823 3185 927 3255 Cuius
952 3186 1157 3261 reimausam
1179 3185 1271 3254 hane
1302 3257 1305 3268 ,

125 3291 226 3360 affert
250 3325 302 3340 -
326 3309 394 3356 uon
417 3291 506 3356 enirn
527 3288 664 3371 dubito,
689 3290 771 3376 quin
792 3288 896 3362 verba
915 3280 962 3358 66
981 3286 1020 3357 66
1042 3279 1270 3375 ιίιθυόμενον

125 3401 190 3464 oet.
216 3391 261 3459 ad
276 3399 408 3460 acetum
422 3399 456 3457 et
476 3388 589 3458 oleum
602 3388 782 3457 referenda
799 3388 863 3454 sint
887 3424 940 3438 -
964 3384 1059 3473 quod
1082 3393 1215 3453 acetum
1236 3394 1272 3454 et

126 3495 241 3563 oleum
259 3500 376 3560 natura
396 3492 442 3560 ita
465 3499 661 3580 comparata
686 3489 763 3572 sint,
796 3496 834 3554 ut
856 3488 891 3554 in
905 3488 1032 3567 minuta
1054 3486 1270 3556 metallorum

126 3596 249 3685 spatia,
263 3645 265 3652 .
277 3600 354 3661 εἱλισ
370 3595 512 3684 repleta,
536 3601 723 3682 penetrent,
750 3598 852 3677 atque
864 3589 945 3656 inde
963 3587 1142 3664 humidum
1158 3595 1271 3656 aerem

126 3698 162 3764 ri
190 3717 250 3764 sua
268 3695 402 3763 trahant
426 3702 484 3765 aut
506 3693 652 3784 pellant,
678 3693 738 3783 qui
762 3690 887 3760 deinde
909 3688 1075 3781 aeruginis
1101 3689 1215 3778 speeie
1236 3691 1272 3756 in

128 3987 336 4046 tmureeriberido
352 3987 493 4042 Alexandri
509 3989 568 4042 loeo
585 3989 654 4042 iorte
669 3985 908 4057 praetermittam
925 3983 983 4050 ipre
989 3999 1095 4067 gruere
1109 3979 1223 4047 expierei
1239 3996 1272 4033 aa

128 4060 239 4114 Hieron.
256 4056 381 4123 Bagoliui
397 4057 495 4109 Verum·
483 4058 550 4110 amir
566 4057 652 4111 Patris
675 4061 703 4110 et
723 4058 769 4110 λα.
787 4053 923 4121 Baptistae
945 4052 998 4104 titii
1022 4051 1115 4104 Latina
1131 4047 1272 4102 Alexandri

128 4124 342 4194 interpretatione
359 4125 462 4189 (Veniet.
479 4141 523 4192 ap.
540 4126 614 4178 Hier.
633 4125 702 4178 Scot
721 4122 830 4192 Ἀλλ),
864 4137 945 4188 quum
961 4137 1029 4198 umip
1046 4116 1150 4183 quidem
1168 4118 1273 4170 Graeca

129 4197 163 4251 ad
180 4209 274 4248 manue
290 4192 417 4255 iruerint,
434 4191 504 4244 mide
519 4194 640 4247 laeuuam
654 4194 802 4277 puppieam.
822 4191 891 4243 Sunt
906 4193 995 4240 autem
1011 4185 1040 4236 iu
1055 4184 1175 4236 versione
1190 4185 1272 4237 haeai

130 4265 211 4318 Guiua
227 4262 332 4330 riguum
349 4267 402 4325 eat,
427 4259 501 4311 exuri
518 4266 544 4312 et
560 4261 664 4314 abrami
680 4261 779 4327 aliquid
796 4260 831 4313 ab
850 4257 889 4310 eie
906 4256 954 4322 „in
965 4255 1050 4335 igne,
1075 4261 1100 4305 et
1117 4253 1140 4306 ri
1156 4261 1229 4305 aceto
1247 4260 1274 4306 et

130 4333 213 4385 oteo'
201 4349 260 4398 ipiu
277 4298 445 4398 augauniae,
463 4329 624 4399 aerugiriori.
658 4330 715 4384 Ησσ
732 4335 821 4384 uatem
835 4324 909 4395 poti,
926 4321 1122 4389 minoraretur
1139 4322 1272 4391 σαίρω

130 4399 315 4456 humiditatem
334 4403 447 4454 acerum
1008 4459 1063 4530 τ*
