2942 4996
161 468 185 518 x
435 455 772 522 consultores
797 458 1036 524 chrisum.

162 629 235 709 Cap.
258 625 407 692 iii-lo.
431 625 465 686 iu
488 633 665 704 argumenta
686 629 805 689 iuterna
825 630 1003 711 inquiritur,
1024 630 1133 710 quihus
1155 629 1308 693 Schleiera

325 726 490 794 monherus
520 728 664 807 Diogenis
694 730 918 812 philosophiam
955 731 1161 810 praecessisse
1188 731 1309 794 huore-

325 847 449 908 goream
471 830 602 910 probare
624 838 751 892 eorretus
779 841 835 896 est.
884 833 931 894 Ea
952 849 1012 893 noo
1035 832 1181 894 suffloere
1203 833 1307 894 viden·

325 940 377 992 tor
397 931 436 991 sd
457 950 522 992 rem
545 931 773 994 conficiendam.

160 1051 233 1134 cop.
259 1056 309 1118 10.
340 1050 506 1129 Diogenem
534 1059 635 1112 tamen
661 1050 859 1132 Anaxagorae
881 1049 1049 1112 doctrinam
1077 1069 1137 1112 noo
1156 1051 1306 1132 cognitam

324 1152 483 1228 habuisse,
505 1153 684 1216 ostenditur.

161 1271 311 1356 (ἔφη
333 1271 414 1350 Quid
435 1272 484 1334 his
505 1273 644 1335 omnihus
666 1269 810 1332 effeetum
827 1271 884 1344 sit,
906 1270 1011 1351 paneis
1030 1270 1307 1352 comprehenditur.

161 1389 237 1470 Cap.
259 1395 310 1454 18.
333 1388 484 1470 Diogenes
505 1391 635 1453 Athenis
649 1390 717 1452 fuit.
760 1388 842 1467 Quid
862 1389 906 1452 ihi
924 1389 954 1450 ei
976 1389 1137 1464 acciderit,
1158 1397 1304 1455 uarratnr.

161 1508 238 1590 Cep.
260 1514 312 1574 lii.
334 1507 386 1570 De
412 1507 503 1572 tidris
530 1507 695 1590 Diogenis.
741 1505 842 1570 Unum
872 1507 938 1571 eius
964 1519 1041 1587 opos
1069 1507 1166 1570 fuisse
1188 1509 1308 1572 videtur

326 1604 567 1693 περὶφύσεως.

161 1729 237 1810 Cap.
259 1735 312 1795 20.
333 1729 500 1792 Deiotatur
520 1728 711 1811 Simplicius,
731 1729 783 1808 qui
805 1729 892 1810 plura
912 1727 1010 1790 fuisse
1031 1727 1150 1791 statuit„¹

161 1830 237 1912 Cap.
257 1837 308 1896 21.
332 1831 380 1892 nd
402 1832 557 1892 minimum
581 1832 699 1892 dnobus
728 1829 815 1892 libris
844 1828 904 1890 hoo
932 1847 1008 1909 opus
1029 1829 1175 1890 constit-it.
1222 1829 1309 1906 Quae

328 1930 502 2010 Simplicius
525 1932 621 1992 hahet
643 1933 683 1992 do
704 1933 855 2010 Diogene,
892 1950 930 1991 eo
951 1932 1090 1992 omnine
1111 1933 1209 2012 primo
1225 1930 1307 1990 -lihro

325 2031 458 2108 repetita
479 2037 560 2091 sunt.
1089 2045 1094 2056 ¹

161 2143 236 2227 Gap.
257 2151 308 2211 22.
332 2147 383 2207 De
407 2149 604 2230 fragmentis
625 2148 716 2208 huius
739 2149 850 2228 operis.
902 2146 1026 2208 Duobus
1048 2149 1185 2228 exceptis
1208 2137 1307 2210 omrriu

327 2248 484 2328 Simplicio
513 2250 675 2312 debentur.
730 2250 854 2329 Fragm.
885 2251 898 2312 1
927 2249 1080 2331 Diogenes
1117 2253 1260 2313 Ladrtius
1288 2271 1307 2312 e

326 2351 481 2411 Demetrio
502 2350 651 2429 Magnete
671 2350 811 2413 hausisse
830 2352 961 2414 videtur.

160 2473 235 2555 (hp.
258 2475 310 2536 28.
333 2469 379 2530 De
400 2467 511 2547 fragm.
533 2467 611 2544 vii,
628 2467 709 2548 quod
727 2469 909 2532 Aristoteles
932 2471 1072 2546 servavit,
1094 2471 1203 2550 agitur.
1246 2469 1306 2531 ioa-

300 2571 463 2654 pohitur,
499 2575 558 2649 qua
587 2571 705 2632 ratione
731 2580 764 2634 et
791 2571 914 2635 lieentia
941 2571 993 2634 iile
1023 2575 1055 2634 iu
1077 2573 1205 2634 oliorum
1231 2571 1306 2631 loeis

325 2672 483 2736 laudandis
504 2678 641 2734 versatus
663 2673 714 2738 sit.

160 2795 234 2874 (hp.
256 2793 307 2858 24.
329 2793 542 2855 Reeeuseo'tur
563 2791 603 2870 li,
626 2792 677 2872 qui
697 2792 809 2872 plaoita
830 2789 973 2873 Diogenis
993 2801 1159 2854 servarunt
1203 2778 1204 2782 ¹

160 2909 309 2992 capsd'u
337 2911 382 2971 De
404 2893 504 2970 lonioa
526 2910 657 2972 diaieoto
679 2911 710 2972 io
731 2911 912 2991 fragmentis
932 2912 1133 2976 restituenda.

160 3033 235 3111 (iap.
257 3035 310 3098 so.
332 3029 377 3089 De
400 3026 599 3106 dispositione
624 3027 863 3110 fragmentorum
886 3033 916 3093 in
939 3035 1109 3094 rrrriverronr
1134 3032 1241 3109 agitur.

160 3150 234 3231 Cap.
255 3152 308 3216 27.
329 3147 451 3226 Fragm.
474 3147 500 3208 1.
607 3219 609 3223 Ι

159 3269 235 3350 Cap.
258 3273 312 3334 28.
334 3263 381 3328 De
404 3266 513 3334 ordine
522 3311 538 3344 ,⁴
566 3285 656 3346 qoem
685 3267 830 3350 deinceps
860 3271 891 3331 io
912 3269 991 3332 libro
1013 3287 1068 3330 suo
1090 3275 1213 3328 secutus
1235 3284 1306 3328 esse

231 3368 234 3378 '
322 3369 442 3432 videtur
463 3368 623 3450 Diogenes.

157 3489 231 3572 Gap.
253 3495 305 3556 29.
327 3490 448 3572 Fragm.
468 3489 507 3554 11.
807 3559 809 3566 ‚

156 3607 233 3686 cup.
252 3611 308 3672 ao.
328 3611 380 3672 81.
405 3608 570 3687 inquiritur
582 3607 616 3668 in
628 3613 874 3688 argumentorum
896 3607 935 3668 fr.
951 3605 979 3668 ΙΙ
992 3607 1215 3688 propositorum
1237 3607 1304 3668 rim.

155 3725 229 3806 cap.
251 3729 306 3790 82·
326 3724 372 3786 De
394 3725 469 3785 sede
490 3725 654 3806 fragmenti
674 3726 725 3792 lii.
809 3761 811 3775 -

155 3846 239 3934 cop..
254 3846 307 3911 88.
328 3843 452 3921 Fragm.
475 3842 527 3906 111.
632 3845 635 3851 '

155 3964 230 4046 Cap.
252 3969 304 4038 ad
325 3961 436 4024 Peneis
457 3961 577 4023 totlitur
600 3961 767 4025 difficultas
787 3963 952 4042 quaedam,
973 3981 1061 4042 quam
1087 3963 1238 4044 eiragm.
1262 3925 1305 4027 iii

320 4065 414 4128 movit
434 4064 619 4144 Simplicior.

157 4169 231 4248 (hp.
254 4173 307 4236 dh
329 4169 376 4232 Do
404 4187 485 4230 nexu
509 4173 542 4230 et
567 4166 685 4230 ratione
714 4168 878 4250 fragmenti
907 4149 951 4230 iV
981 4165 1151 4248 disputatur
1179 4171 1210 4232 in
1238 4170 1304 4236 eoi·

210 4309 212 4312 -
320 4293 451 4350 versum.

158 4373 232 4453 Cap.
255 4377 308 4438 to
330 4374 451 4454 Frogm.
471 4374 523 4440 iv.

1448 653 1461 740 ι
