2942 4996
513 444 516 449 ’
614 443 797 530 Gallis&
899 493 903 498 ,
1228 452 1287 532 *4²

124 622 270 706 ,reuben
296 639 404 710 quum
414 619 609 712 Smpbdus
625 618 680 690 rix
693 617 740 688 dc
753 637 815 692 suo
825 617 1014 700 addidisset
1022 614 1167 712 πολλή.)
1192 617 1287 694 Coa-

123 724 214 794 tinet
224 731 338 794 autem
352 718 429 794 hoc.
438 723 666 815 fragmentum
684 721 755 794 duo
774 723 847 793 lere
863 722 963 793 buius
984 723 1168 800 sententiae,
1178 745 1283 816 argu-

131 836 255 914 menta,
281 836 316 896 et
330 823 454 896 borum
470 825 608 916 quidem
622 826 766 898 alterum
784 849 826 894 ex
839 825 962 916 insigni
977 825 1096 896 ordine
1113 847 1153 894 ac
1168 827 1285 912 mode,

123 931 258 1018 ‚ubique
271 931 306 998 in
324 949 438 1000 rerum
452 937 571 998 natura
586 937 736 1011 servato,
763 928 923 1018 petitum3
948 928 1091 999 alarum
1107 929 1141 996 iu
1158 949 1201 1000 eo
1217 951 1285 1020 po-

129 1033 244 1116 situm,
270 1031 366 1120 quod
391 1031 546 1100 homines
563 1041 598 1098 et
615 1031 745 1118 reliqua
763 1030 942 1110 animantia
963 1037 1041 1099 aiire
1059 1031 1175 1102 dsunt
1194 1031 1284 1104 hau·

121 1143 200 1218 sto,
226 1135 481 1221 moriunturque
498 1134 575 1222 ipso
596 1133 752 1202 destituti.
805 1133 1021 1222 Quamquam
1041 1132 1087 1202 de
1109 1155 1189 1204 uera
1212 1155 1281 1224 po

128 1235 275 1304 sturionis
290 1235 483 1328 argumenti
497 1236 626 1306 ratione
649 1257 797 1324 veroque
814 1258 892 1307 cum
913 1235 1050 1325 reliquis
1069 1238 1281 1314 uexu'arubi-

127 1337 165 1428 gi
180 1346 301 1427 potest.
354 1339 441 1406 Nam
459 1360 564 1427 quum
579 1338 751 1430 Diogenes
766 1337 861 1410 bunc
882 1339 917 1408 in
936 1339 1026 1408 libro
1043 1361 1105 1408 suo
1123 1339 1279 1410 ordinem

120 1450 260 1510 secutus
280 1463 352 1508 esse
373 1441 545 1531 videatur,
571 1449 608 1516 ut
631 1443 742 1531 primo
758 1441 837 1510 loco
862 1463 965 1510 unum
981 1441 1186 1531 principium
1208 1465 1279 1512 esse

120 1545 305 1634 probaret,
337 1543 464 1610 deinde
488 1542 750 1626 demonstraret,
776 1544 918 1610 multum
942 1541 1023 1612 huic
1043 1542 1150 1610 inesse
1172 1543 1277 1610 ratio-

121 1645 191 1725 uis3
216 1645 315 1712 tertio
341 1643 488 1733 denique
513 1654 716 1735 exponeret,
743 1650 856 1714 aerem
881 1667 951 1714 esse
973 1643 1027 1728 id,
1054 1643 1149 1732 quud
1171 1644 1277 1712 ratios-

124 1769 204 1816 uurn
229 1746 430 1816 contineret:
471 1747 641 1834 quaeritur
665 1755 794 1830 utrum,
827 1746 969 1835 dequo
995 1746 1145 1836 agimus,
1179 1746 1276 1836 frag·-

118 1857 275 1918 meutum
299 1847 367 1914 iam
392 1845 438 1916 ad
463 1847 606 1916 tertium*
623 1847 722 1916 istum
747 1847 915 1937 pertineat
938 1848 1073 1931 locum,
1113 1847 1276 1916 rationes.-

119 1973 191 2040 que
216 1951 251 2018 iu
276 1971 320 2020 co
345 1970 540 2040 proponere
574 1948 745 2040 putandus
777 1951 818 2016 sit
842 1949 1034 2042 Diogenes,
1070 1971 1131 2018 our
1163 1956 1275 2026 aerem

119 2053 267 2124 maxime
291 2052 473 2142 genuinam
499 2073 541 2120 ac
566 2052 740 2142 propriam
766 2045 919 2145 νοήσεως
951 2050 1069 2122 sedem
1095 2073 1167 2126 esse
1192 2075 1274 2122 cen-

123 2165 210 2235 seat3
238 2177 281 2224 au
304 2154 351 2222 ad
377 2152 574 2238 secundum,
600 2153 635 2222 in
661 2175 740 2242 quo,
767 2155 851 2222 adsis
876 2153 1026 2226 trundum
1053 2154 1184 2223 ratione
1207 2153 1274 2239 hae

121 2257 237 2341 bita,
228 2279 262 2324 ιιι
287 2256 474 2326 universum
496 2255 758 2340 demonstrabat,
784 2257 1000 2348 principium,
1026 2257 1192 2345 quidquid
1219 2279 1274 2328 es·

121 2366 188 2444 set,
214 2352 336 2454 νοήσει
361 2381 431 2428 esse
457 2359 657 2449 praeditum.
710 2357 767 2428 ad
794 2361 945 2448 priorem
970 2369 1082 2426 tamen
1109 2359 1273 2429 rationem
1301 2427 1303 2435 ι

120 2461 214 2550 quod
241 2462 374 2547 attinet,
407 2460 614 2552 Diogenes
604 2482 641 2528 ιιι
664 2460 719 2542 iis,
752 2481 841 2547 quae
866 2460 959 2528 hunc
985 2460 1099 2527 locum
1126 2479 1272 2548 praece

119 2562 263 2646 debant,
295 2562 391 2632 baud
426 2562 587 2651 ambigue
619 2566 732 2630 aerem
757 2569 795 2626 ut
819 2582 930 2628 rerum
957 2558 1161 2649 principium
1186 2575 1274 2650 pro·'
1400 2573 1413 2594 “

118 2667 289 2756 posuerit,
328 2684 466 2731 necesse
498 2672 565 2732 est.
595 2661 691 2748 quod
730 2661 825 2731 nullo
862 2672 965 2752 pacto
1001 2660 1271 2748 concedendum,

118 2767 201 2836 licet
226 2788 268 2833 ex
291 2765 332 2831 iis
358 2764 484 2849 verbis,
517 2763 639 2851 quibus
664 2762 860 2850 Simplicius
886 2763 930 2830 de
955 2761 1026 2833 hoc
1051 2763 1131 2832 loco
1156 2764 1269 2851 utitur,

117 2867 207 2938 baec
231 2865 391 2936 sententia
414 2862 662 2990 probabilitatis
693 2866 841 2985 aliquam
873 2865 1021 2956 speciem
1046 2865 1193 2938 nancisci
1217 2889 1268 2936 ιι-

117 2969 247 3038 deatur.
299 2968 432 3038 Nam’
414 2961 559 3059 ιιιᾰιιι,
585 2966 708 3088 inquit,
739 2963 799 3038 ὅτι
828 2965 886 3039 aui
912 2965 1192 3085 ἄνθρωποςκαὶ
1218 2997 1267 3043 ao

118 3069 209 3145 ἄλλα
227 3069 336 3189 §du
317 3097 354 3142 ιιι
369 3069 433 3166 τῆς
450 3065 561 3196 αἰιιῆς
575 3062 728 3165 ταύτης,
756 3066 866 3190 ἤτιςυ
880 3073 1007 3142 ἐστιν
1025 3062 1126 3164 ιέηρ,
1152 3098 1218 3143 uus
1205 3069 1268 3166 ld

117 3171 178 3244 ιιαὶ
199 3193 319 3267 poppa
336 3172 411 3261 ixei
430 3171 490 3243 ιιαὶ
512 3165 661 3266 νόησιν,
688 3172 798 3260 λέγων
821 3168 934 3251 οὕτως
951 3181 1015 3241 cet.
1039 3173 1205 3260 (sequitur
1220 3172 1265 3243 fr

115 3273 193 3364 lv)
231 3276 278 3343 At
293 3274 441 3363 speciem
455 3281 601 3354 tautum,
627 3293 821 3340 conseram
836 3273 1122 3361 probabilitatem.
1157 3275 1266 3346 Nau·

114 3398 200 3464 que,
226 3384 263 3442 ut
287 3375 332 3442 ab
361 3373 450 3440 bis
440 3375 522 3463 rpsis
543 3373 713 3462 Simplicii
742 3373 1011 3459 saranescum,
1044 3372 1266 3446 hauddubie

114 3477 245 3548 fontem
262 3498 359 3546 suum
378 3474 508 3544 habent
523 3475 559 3540 in
582 3495 641 3558 eo,
668 3472 763 3563 quod
782 3474 947 3562 sequitur,
973 3475 1177 3565 fragmento,
1202 3496 1267 3548 cu.

113 3579 164 3650 ius
176 3579 389 3661 senteutiam,
414 3577 609 3668 priusquam
623 3577 734 3666 ipsum
750 3576 918 3667 proferat,
948 3577 1066 3666 paucis
1081 3576 1265 3674 anticipare

114 3681 204 3748 vulta
229 3681 289 3749 ubi
301 3691 413 3750 tamen
430 3679 473 3748 de
491 3701 545 3762 co,
570 3679 664 3767 quod
682 3679 715 3747 in
733 3676 802 3748 bac
817 3701 856 3748 re
869 3679 1051 3748 maximum
1066 3686 1128 3762 est,
1143 3685 1265 3752 airam

115 3803 189 3848 esse
210 3776 343 3875 ἀρχήν,
368 3805 412 3850 nc
431 3783 578 3851 verbum·
593 3781 733 3869 quidem
752 3780 925 3871 reperitur.
980 3781 1049 3865 Qui
1071 3801 1177 3871 porro
1200 3797 1264 3850 ιιιι-

114 3892 201 3963 tem,
226 3903 372 3970 quaeso,
398 3882 554 3954 accidere
571 3883 700 3973 potuit,
734 3891 771 3951 ut
791 3882 1004 3973 Simplicius,
1037 3885 1097 3970 qui
1120 3905 1184 3973 per
1205 3890 1264 3950 to-

112 3990 186 4056 lum
202 3980 294 4052 hunc
308 3982 422 4056 locum
436 3985 521 4054 nibil
539 3984 644 4052 maius
657 3983 826 4069 habebat,
851 3993 953 4074 quarn
973 3992 1011 4052 ut
1030 3981 1262 4071 Porphyrium

112 4083 362 4170 Nicolaumque
379 4084 623 4160 Damascenunr
646 4086 821 4174 refutaret,
847 4097 1026 4177 spretaque
1050 4085 1174 4152 horum
1198 4103 1260 4152 au.-

114 4187 267 4260 otoritate
290 4191 419 4267 airam,
443 4207 511 4256 non
535 4181 675 4279 pracial
696 4186 799 4271 illud,
825 4187 974 4278 Diogeni
996 4206 1108 4252 rerum
1131 4183 1260 4274 princi-

112 4287 343 4378 plantasse,
369 4309 411 4354 ex
431 4287 506 4376 ipso
531 4289 601 4356 cius
620 4289 707 4361 libro
729 4289 991 4370 demonstraret,
1016 4284 1124 4356 itaut
1141 4306 1260 4372 omues

111 4389 350 4480 Apolloniatae
364 4390 475 4473 locos,
501 4387 562 4476 qui
581 4389 687 4457 minus
706 4389 751 4459 ad
765 4382 836 4458 boo
850 4386 942 4455 idern
965 4375 1179 4476 probandum
1200 4387 1256 4454 fa·
