2966 4990
596 354 790 450 οιαίἰ.
978 422 1047 467 ‚f
1223 339 1268 464 ep

118 555 353 650 nuquuodam
369 579 430 628 sen
446 556 579 630 cencies
602 551 855 649 apnImonibus,
873 552 909 622 in
930 573 991 626 cor
1009 553 1268 647 pertineressta‘-

118 673 223 745 tuant,
249 661 446 731 verisimile
465 669 523 748 est,
550 660 741 751 Diogenem
757 680 894 748 qunque
911 657 1024 746 aliqua
1044 662 1270 752 qualicunque

119 766 250 836 ratione
264 787 284 833 e
298 763 517 854 pulmonibus
538 761 706 831 derivasse
723 768 836 830 ae'rem
857 760 891 828 in
908 781 988 848 cor,
1013 763 1105 831 unde
1119 765 1154 832 in
1169 787 1270 842 venas
1360 853 1363 855 ,

119 867 403 960 profunderetur,
427 866 539 956 primo
563 865 597 933 in
621 863 705 932 duas
725 865 801 932 istas
830 863 1007 947 maximas,
1031 865 1112 934 inde
1134 857 1168 934 in
1188 867 1271 935 reli·

120 993 213 1060 ques.
265 969 365 1056 Quae
390 990 508 1056 qumn¹
522 968 568 1034 ita
592 969 679 1043 sint,
712 989 871 1058 magnam
897 987 1030 1054 semper
1054 969 1089 1035 in
1112 967 1165 1046 his
1187 969 1273 1038 locis

122 1072 206 1141 aeris
227 1095 252 1139 s
277 1063 437 1164 νοήσεως.
450 1069 586 1162 copiam
608 1068 787 1138 collectam
807 1068 871 1161 ipsi
893 1068 996 1136 visam
1017 1075 1109 1160 esse,
1141 1071 1268 1162 proba-

121 1175 192 1344 p'ie
211 1180 277 1256 est,
303 1180 338 1239 et
360 1193 481 1260 quum,
513 1171 560 1239 uti
579 1171 705 1240 dictum
724 1179 790 1255 est,
820 1169 901 1264 hinc
916 1170 1119 1261 inareliquas
1141 1195 1272 1264 corpo-

151 1299 166 1344 s
186 1282 299 1365 partes
318 1267 438 1368 νόησις
464 1271 734 1359 distribueretur,
760 1273 832 1340 iure
855 1265 914 1342 hic
935 1276 1096 1364 proprius
1122 1285 1157 1344 et
1176 1277 1272 1366 prin-

123 1377 242 1468 cipalis
262 1369 415 1470 νοήσεως
436 1376 512 1444 fons
540 1375 718 1444 habendus
744 1382 845 1445 estet
865 1374 1017 1463 quodam
1040 1377 1146 1444 modo
1171 1377 1272 1445 animi

123 1470 359 1576 ἡγεμονικόν,
386 1477 409 1548 i.
438 1502 468 1547 e.
496 1478 712 1569 principatus.
764 1473 871 1560 Quod
897 1497 980 1542 vero
1004 1477 1130 1572 insola
1161 1477 1278 1572 cordis⁴

124 1579 326 1677 ἀρτηριακῇ
340 1577 459 1672 κοιλία
477 1579 666 1670 principem
685 1578 770 1644 atiris
790 1575 906 1644 sedem
930 1577 1044 1668 posuit
1064 1579 1272 1650 Placitorum

77 1703 79 1716 ·
125 1683 285 1770 scriptor,
311 1678 431 1745 erroris
445 1703 546 1750 causa
565 1681 666 1747 fuisse
681 1678 814 1747 videtur
830 1678 929 1747 haec.
977 1674 1166 1770 'Postquam
1183 1683 1272 1752 enim

125 1803 285 1853 venarum
297 1790 401 1868 atque
415 1782 608 1848 arteriarum
624 1780 755 1848 diversa
772 1789 889 1849 natura
904 1782 1042 1873 cognita
1057 1793 1117 1871 est,
1135 1769 1280 1858 arterias,

125 1907 242 1973 onmes¹
259 1889 335 1950 aere
358 1903 428 1950 esse
447 1884 615 1974 repletas,
641 1905 742 1952 renas
764 1892 880 1952 contra
902 1886 1080 1976 sanguine,
1107 1885 1273 1956 creditum

126 1997 187 2058 est.
212 1984 292 2054 Vid.
310 1983 493 2078 Sprengel
515 1985 550 2053 h.
566 1986 655 2054 med.
669 2008 704 2076 p.
720 1983 806 2054 386.
823 1985 908 2054 364.
923 1983 1008 2054 365.
1036 1988 1150 2072 Quare
1167 2012 1284 2078 quum

125 2089 270 2160 multum
286 2087 369 2154 aeris
384 2088 481 2155 cordi
496 2090 602 2156 inesse
624 2089 816 2179 Diogenem
830 2096 975 2157 statuere
990 2088 1153 2176 viderent,
1177 2115 1274 2162 suam

126 2191 267 2260 humani
288 2191 440 2278 eorporis
462 2191 690 2282 cognitionem
711 2189 792 2261 huic
812 2191 1046 2276 corradentes,
1077 2191 1274 2264 arteriosunr

127 2304 256 2363 tautum
276 2289 389 2362 &ordis
412 2292 520 2361 sinum
539 2293 653 2363 dicere
676 2293 772 2360 illum
790 2295 974 2386 putabant,
1000 2317 1140 2382 parum,
1163 2304 1199 2363 ut
1218 2317 1275 2363 so-

126 2391 198 2466 lent
217 2395 255 2463 hi
269 2395 469 2485 scriptores,
495 2406 648 2480 curantes
665 2419 825 2463 venarum
849 2417 912 2485 per
930 2406 1054 2484 eorpus
1071 2391 1276 2463 distributio-

127 2520 225 2582 nem,
249 2497 357 2586 qualis
382 2520 403 2563 e
426 2496 590 2586 Diogenis
612 2504 725 2562 mente
754 2494 871 2577 fuerit,
903 2516 1008 2584 quum
1029 2497 1096 2586 ipsi
1117 2497 1161 2564 ab
1181 2507 1277 2566 aorta

129 2603 229 2672 etiam
252 2601 446 2683 ubicunque
467 2597 613 2664 ramulos
633 2604 749 2686 patere
773 2598 903 2664 scirent.
957 2595 1107 2666 Omnino.
1124 2621 1205 2666 vero
1229 2599 1276 2688 id,
1343 2601 1351 2608 ”

129 2701 223 2790 quod
240 2701 275 2765 in
291 2699 394 2766 Prae.
415 2708 480 2782 est,
507 2698 608 2782 animi
621 2698 737 2764 sedem
758 2721 828 2765 esse
851 2702 890 2769 ἐν
910 2698 957 2794 τῇ
972 2695 1176 2796 α’ρτηριαιιῇ
1193 2689 1275 2774 νοι-Ι

131 2803 192 2898 λίᾳ
208 2802 271 2895 τῆς
287 2793 456 2892 καρδίας,
482 2822 551 2870 non
570 2808 639 2867 tam
656 2801 699 2866 ab
719 2800 793 2892 ipso
809 2799 967 2893 Diogene
987 2801 1033 2869 ita
1049 2801 1176 2872 dictum
1194 2802 1278 2872 fuis-

112 2928 184 2990 se,
220 2923 323 2990 quam
344 2923 385 2968 ex
412 2903 470 2985 iis,
500 2925 589 2991 quae
618 2900 771 2986 dicebat,
804 2903 1019 2992 conclusum,
1035 2909 1037 2914 ’
1054 2914 1199 2996 apparet
1222 2928 1277 2992 eo,

132 3003 227 3095 quod
243 3002 355 3087 addit,
381 3001 405 3098 ἥ
432 3031 498 3086 τις
523 3002 619 3079 ἐστι’
644 2999 956 3100 πνευματική,
982 3008 1279 3095 quoquasiratio·

132 3131 210 3177 nem
227 3106 378 3175 reddere*
387 3107 538 3196 videtur,
565 3130 627 3177 cur
644 3108 773 3190 animo,
800 3107 858 3194 qui
883 3107 1020 3195 quidem
1043 3113 1142 3176 aerea
1159 3119 1279 3189 natura

132 3213 192 3295 sit,
226 3210 317 3276 hanc
347 3209 464 3278 sedern
494 3208 689 3280 attribuerit.
740 3206 811 3277 Sed
843 3207 1021 3277 redeamus
1047 3209 1091 3276 ad
1120 3217 1285 3301 gustum,

133 3311 274 3382 Dixerat
290 3310 377 3376 enim
392 3309 584 3400 Diogenes,
606 3309 701 3376 hunc
721 3331 852 3376 sensum
875 3310 970 3398 oriri,
997 3332 1102 3398 quum
1125 3311 1279 3380 ciborum

133 3416 224 3483 succi
251 3411 484 3480 diffundantur
510 3411 567 3483 ἐπὶ
596 3404 664 3504 τήν
690 3411 862 3504 αἴσθησιν
886 3409 945 3492 καί
976 3405 1023 3482 τό
1053 3406 1278 3506 ἡγεμονικόν.

133 3517 206 3584 lam
228 3515 358 3584 clarum
377 3522 442 3598 est,
469 3510 551 3601 quid
568 3512 640 3578 hoc
654 3512 717 3580 sibi
731 3510 822 3577 velit.
874 3512 973 3583 Dicta
990 3513 1077 3580 eninr
1089 3514 1188 3608 shaec
1206 3522 1281 3583 sunt

92 3646 99 3656 ·
134 3640 178 3685 ex
197 3618 326 3686 ratione
348 3637 485 3703 eorum,
519 3617 579 3705 qui
601 3605 648 3685 τό
675 3607 888 3709 ἠγεμονικόν
916 3615 1117 3705 praestantia
1140 3617 1194 3684 ab¹
1207 3617 1281 3685 aliis

137 3915 248 3980 πνεῦμα
265 3912 379 3984 δᾳδίων.
403 3913 469 3980 iun.
488 3931 511 3967 e.
528 3912 573 3967 16.
597 3905 632 3968 δν
655 3908 687 3968 δὲ
710 3907 818 3980 τρόπον
835 3907 854 3981 ἡ
872 3913 975 3982 ταρδία
992 3909 1044 3982 τὴν
1060 3909 1146 3982 νιίντρ
1166 3925 1212 3964 οιν
1228 3905 1282 3978 ἔχει

138 3979 210 4050 uode
228 3981 278 4036 τδν
294 3979 455 4048 πνεύμονα,
483 3983 528 4038 δεῖ
550 3985 669 4052 θεωρεῖν
687 3979 717 4036 ἔτι
734 3999 764 4036 τε
781 3983 837 4036 τοῖν
864 3976 1095 4051 ἀνατεμνομένων
1114 3929 1165 4033 καί
1178 3975 1209 4031 ἐν
1226 3979 1283 4031 ταῖν

138 4051 270 4121 ἱστορίαν
293 4051 350 4104 τοῖν
372 4049 435 4118 napi
459 4048 494 4103 τοὶ
517 4053 575 4115 trie
597 4069 699 4122 γογοαμ
721 4047 800 4104 ἔνων.
834 4049 1019 4120 κατανύξεως
1034 4045 1086 4116 μὶν
1104 4040 1158 4101 ode
1176 4041 1283 4114 ὅδωαὴ

138 4123 196 4174 τῶν
214 4118 401 4184 conensem
417 4114 520 4182 φύσιν,
547 4116 594 4173 διαί
619 4117 670 4188 τήν
695 4067 727 4174 dv
750 4121 785 4189 τῇ
810 4122 894 4187 ναρδί
929 4121 980 4186 τῆς
995 4116 1088 4185 wolde
1112 4112 1282 4184 ἔμπτίρωοιν.

138 4192 174 4244 Ar
191 4189 226 4241 ab
242 4188 371 4242 hocloco
388 4187 506 4238 alienum
522 4192 575 4252 est,
604 4189 672 4254 qood
689 4189 771 4241 habet
788 4140 913 4242 Μίοίιιιδί

138 4277 166 4326 p.
183 4257 236 4312 1⁶4
244 4259 270 4311 ί).
296 4258 359 4318 τοῖς
375 4251 406 4308 δὲ
425 4250 482 4308 aiud
506 4255 560 4307 rori
581 4253 718 4322 στόματος
741 4257 780 4316 ele
797 4251 848 4324 ede
865 4257 986 4319 καρδίαν
1005 4252 1053 4308 καί
1069 4247 1126 4306 τίπτ’
1143 4253 1221 4316 τίτας
1239 4249 1281 4308 ἔδ-

139 4343 217 4380 ιιτται
235 4322 263 4392 (τ’
280 4320 347 4395 ride)
367 4319 431 4379 οὔτε
446 4320 629 4402 Ἀναξαγόρας
646 4321 710 4380 οὔτε
728 4324 862 4393 Διογένης
878 4323 1015 4391 λέγουσιν.

920 4189 1018 4253 Ερίιοτ.
1037 4185 1070 4238 od
1088 4183 1135 4236 tiu.
1152 4183 1186 4236 de
1203 4185 1281 4250 neap.
1371 4195 1377 4206 “
