2966 4990
209 449 274 513 stt
648 443 748 510 cau.
769 449 823 512 64.
842 447 895 512 bb·
954 482 961 497 ·

209 618 356 706 deniqne
370 573 506 684 mentio.
558 612 656 700 Quae
669 637 774 704 quum
794 615 842 684 ita
862 615 940 701 sint,
966 614 1137 707 probabili
1161 618 1361 688 coniectura

210 719 339 809 assequi
362 739 463 808 posse
487 716 574 783 mibi
596 716 734 804 videor,
774 713 909 808 qualem
934 719 1006 787 fere
1028 719 1200 811 Diogenes
1225 722 1362 812 simpli·

209 823 298 894 oium
316 842 497 910 corpomm
513 820 992 910 generationemconstituerit.
1018 823 1108 890 Nam
1124 823 1272 912 primum
1292 825 1360 891 fri-

207 926 280 1018 gidi
297 923 430 1016 generis
445 923 607 989 rationem
625 922 653 988 si
667 923 864 1007 habeamus,
880 923 1093 1012 simulatque
1109 931 1168 991 ae'r
1186 925 1358 1017 frigesce-

206 1051 244 1095 re
258 1024 390 1116 coepit,
416 1025 582 1114 recepisse
601 1024 700 1092 etiam
719 1024 852 1093 ridetur
872 1032 908 1092 et
924 1025 1133 1093 humiditatis
1146 1035 1180 1093 ct
1191 1027 1359 1096 stabilita-

205 1131 248 1198 tis
272 1137 527 1215 coterarumque
550 1125 702 1193 affinium
724 1128 920 1214 qualitatum
941 1129 1089 1218 primum
1113 1128 1279 1218 gradum,
1305 1131 1358 1198 ita

207 1240 327 1315 utres,
354 1253 395 1299 ex
418 1253 458 1296 ea
474 1229 559 1296 adria
579 1229 809 1297 immutatione
826 1229 949 1313 oriens,
974 1229 1129 1320 proxime
1148 1229 1192 1298 ad
1216 1231 1357 1322 genuini

207 1335 291 1402 airis
306 1341 461 1400 naturum
477 1330 664 1400 accederet
700 1331 803 1400 Cuius
821 1331 945 1399 deinde
958 1354 1055 1421 pars,
1082 1332 1271 1405 continuata
1289 1355 1356 1400 eo-

208 1437 288 1504 dem
306 1433 411 1503 modo
432 1433 681 1518 immutatione,
708 1435 816 1524 magis
840 1434 941 1502 etiam
961 1433 1091 1502 recedit
1115 1435 1249 1525 oprimi
1269 1457 1353 1526 gra·

208 1539 270 1607 dus
284 1539 352 1606 levi
369 1535 484 1605 adbuc
499 1544 533 1603 et
550 1535 667 1603 mobili
686 1538 861 1616 tenuitate;
887 1558 965 1627 pars
978 1544 1096 1606 contra
1114 1537 1184 1604 eius
1199 1546 1356 1606 naturam

208 1648 318 1708 servat
344 1639 511 1730 integram
544 1646 578 1705 et
606 1636 852 1728 incorruptam,
892 1639 1022 1722 donec,
1058 1638 1140 1706 dum
1169 1639 1214 1706 ab
1245 1640 1355 1708 altera

206 1750 305 1834 parte
329 1763 435 1830 usque
468 1740 686 1832 progreditur
717 1743 888 1824 mutatio,
920 1741 965 1808 ab
996 1741 1101 1808 altera
1124 1763 1257 1832 semper
1285 1741 1354 1808 ali-

184 1903 185 1908 ,
207 1845 291 1934 quid
314 1845 484 1912 incolume
501 1842 716 1938 relinquitur,
742 1843 945 1934 simplicium
965 1864 1150 1931 corporum
1169 1844 1353 1912 multitudo

208 1956 323 2014 exorta
351 1954 445 2014 esset.
504 1947 661 2034 Namque
683 1955 720 2015 ut
744 1946 788 2012 ad
820 1945 930 2013 foetus
952 1946 1145 2035 exemplum
1167 1968 1188 2012 a
1218 1945 1353 2014 Censo-

205 2048 278 2115 rino
303 2047 516 2137 propositum
537 2057 759 2131 revertamur,
786 2069 854 2115 non
875 2068 1010 2115 omnem
1029 2045 1235 2114 humorem
1224 2069 1352 2120 rncar-

205 2172 266 2232 ne,
299 2171 410 2236 neque
436 2171 570 2215 ornnem
598 2171 733 2218 carnem
763 2151 797 2216 in
822 2151 947 2217 ossibus
972 2158 1006 2217 et
1031 2149 1139 2218 nervis
1163 2149 1352 2218 formandis

131 2263 139 2276 “
205 2259 416 2320 consumtum
438 2273 508 2318 esse
529 2250 650 2338 liquet;
676 2251 735 2317 sed
756 2274 815 2318 sua
836 2253 960 2340 cuique
981 2273 1059 2342 pars
1076 2252 1192 2322 relicta
1207 2263 1241 2320 et
1263 2275 1351 2322 con·

204 2363 332 2424 serrata
354 2362 412 2425 cst.
461 2351 565 2420 Unde
593 2352 836 2443 simpliciorum
864 2375 1048 2473 corporum
1073 2355 1193 2423 seriem
1221 2356 1351 2425 consti-

202 2468 298 2526 tuere
318 2477 496 2548 possumus
518 2455 627 2526 hanc.
654 2461 732 2523 aere
756 2455 861 2524 oritur
883 2457 1034 2548 sanguis,
1067 2478 1108 2526 ex
1132 2480 1199 2546 quo
1220 2479 1350 2544 semen,

204 2581 245 2626 ex
260 2581 331 2648 quo
348 2579 447 2641 caro,
474 2580 515 2625 ax
538 2581 606 2645 qua
627 2559 732 2640 nervi,
758 2558 849 2627 unde
869 2557 1013 2648 denique
1037 2581 1119 2627 ossa.
1169 2558 1349 2647 Similique

202 2663 331 2729 ratione
349 2661 479 2749 reliqua
507 2670 666 2728 tractasse
689 2660 822 2746 videtur
842 2660 1036 2751 Diogenes,
1076 2661 1207 2730 nullum
1234 2683 1348 2750 neque

203 2786 328 2853 aquae,
354 2787 464 2850 neque
485 2771 610 2846 terrae,
636 2786 747 2851 neque
771 2763 842 2853 igni
863 2763 1085 2853 praecipuum
1108 2764 1256 2832 tribuens
1275 2762 1350 2831 ho-

202 2889 329 2934 norem.
383 2865 446 2932 Cui
466 2865 645 2932 sentcntiae
665 2887 828 2954 magnum
849 2865 980 2934 accedit
1002 2865 1247 2955 probabilitatis
1268 2889 1348 2934 nro-

205 2976 358 3035 1nentum
381 2967 425 3034 ab
448 2966 671 3049 Anaximene,
697 2989 801 3055 quern
820 2967 1038 3037 haecomnia
1058 2961 1092 3034 in
1110 2989 1223 3036 rerum
1238 2991 1349 3060 genc-

201 3068 330 3136 ratione
350 3089 416 3134 non
433 3067 499 3134 alio
518 3068 598 3136 loco
620 3068 778 3138 habuisse
800 3070 968 3157 videmus,
994 3090 1095 3157 quam
1112 3091 1182 3157 quo
1196 3080 1347 3158 ventum,

201 3172 317 3255 nubes,
344 3170 484 3259 lapides.
514 3169 658 3262 (simpl.
674 3194 710 3261 p.
725 3169 775 3237 32
791 3171 850 3261 a.)‘
865 3170 935 3239 Sed
950 3192 1054 3259 quum
1066 3172 1263 3240 coniecturis
1276 3173 1348 3240 dis-

199 3275 328 3366 pliceat
348 3273 546 3363 indulgere,
581 3282 694 3342 cetera
718 3273 904 3358 mittamus,
938 3295 1027 3362 quae
1048 3274 1274 3364 probabiliter
1300 3274 1346 3342 de

98 3421 100 3428 ,
199 3376 319 3448 haere
335 3374 554 3466 drcrpossmt

302 3479 389 3569 Cap
405 3473 467 3550 65.
494 3476 705 3544 Adulteram
721 3475 845 3546 deinde
863 3476 946 3545 airis
960 3485 1092 3568 partem
1106 3475 1199 3595 quod
1215 3431 1343 3559 attinet,

198 3581 273 3669 pari
295 3582 424 3648 ratione
445 3580 620 3670 generatio
648 3580 738 3647 facta
762 3603 834 3648 csse
854 3578 994 3648 videtur
1045 3581 1116 3648 Aer
1137 3579 1223 3645 enim
1247 3576 1345 3645 calc

199 3695 309 3763 scens,
341 3683 485 3771 ipsoque
517 3681 632 3749 calore
653 3680 798 3761 aridior,
837 3680 1012 3762 mobilior,
1049 3679 1197 3766 tenuior,
1231 3678 1345 3746 levior

198 3781 366 3865 redditus,
399 3790 497 3850 aucta
523 3805 658 3872 semper
680 3782 802 3848 barum
831 3781 1030 3869 qualitatum
1055 3782 1106 3866 vi,
1139 3801 1181 3850 co
1204 3780 1344 3868 taudem

197 3884 367 3975 parvenit,
394 3894 431 3948 ut
445 3884 527 3973 igne
547 3885 716 3974 flagraret.
767 3885 881 3971 Atque
902 3884 950 3950 ita
974 3883 1114 3972 quidem
1131 3883 1243 3974 primo
1263 3882 1343 3948 loco

196 3989 288 4057 varia
313 3977 465 4082 νοήσεως
486 4006 613 4076 genera
636 3993 771 4068 exona,
802 3985 895 4054 cuius
915 3985 1077 4074 quicquid
1099 3983 1249 4053 humana
1269 3982 1344 4048 ani-

198 4113 253 4156 ma
272 4089 412 4159 calidius
433 4096 534 4170 esset,
560 4087 701 4155 fortasse
724 4087 943 4155 daemonibus
965 4087 1082 4154 tribuit
1095 4095 1130 4155 et
1150 4086 1232 4168 diis,
1260 4084 1343 4152 dum

198 4193 303 4260 modo
325 4193 510 4262 accuratius
530 4186 575 4257 de
597 4188 650 4256 his
675 4191 814 4280 agebat3
840 4189 1000 4278 quicquid
1019 4195 1133 4257 autem
1154 4187 1238 4254 airis
1265 4207 1344 4256 cre-

199 4301 311 4360 scente
335 4293 454 4361 caloris
474 4293 507 4360 vi
525 4292 812 4376 inflammabatur,
849 4292 985 4382 igneam
1012 4299 1115 4378 atque
1147 4288 1343 4356 aetheream

201 4391 315 4461 effecit
333 4401 502 4462 naturam:
532 4395 675 4463 eandem
701 4393 790 4460 enim
811 4401 988 4480 utramque
1010 4390 1168 4460 habuisse
1195 4387 1341 4457 videtur.
