2942 4996
567 407 738 524 caeno.
762 443 814 518 ιι.
1225 455 1274 538 ιι

120 624 185 710 des
208 615 598 723 aqcmexpngnads·
611 622 705 696 burro
729 619 1081 702 locom'relerentebr,
1102 637 1180 711 qno
1205 643 1274 714 po-

121 727 186 795 sito
212 727 328 796 omnia.
348 728 540 807 turbantur3
565 749 680 816 quum,
698 736 837 815 eontra,
855 724 882 794 si
907 724 952 794 ad
968 723 1103 795 ‚Sardes
1123 749 1144 792 a
1162 725 1275 806 Graes

121 829 169 900 ois
194 839 311 920 captas
335 829 546 918 flammisque
579 830 766 902 devastatas
790 827 960 920 pertinere
985 836 1124 910 statuas,
1158 830 1274 918 plera-

119 925 327 1021 queonrnia,
344 931 493 1020 quaeda
510 932 725 1001 Anaximenis
737 940 847 1000 aetate
859 929 983 998 tradita
997 939 1082 1019 suot,
1098 931 1189 999 clara
1200 932 1292 1011 sint„

93 1083 95 1089 -
225 1033 311 1124 Gap.
343 1033 401 1102 ll.
452 1035 544 1104 Tum
580 1057 662 1102 vero
694 1033 721 1101 si
754 1033 788 1100 in
814 1032 962 1101 animum
984 1053 1186 1102 revocemus
1215 1055 1274 1112 rass

118 1134 266 1219 tionem,
309 1158 377 1224 qua
393 1135 469 1204 'illis
494 1134 634 1226 quidem
658 1137 867 1228 temporibus
894 1128 1274 1226 philosopharinam

120 1238 248 1306 ctrinae
272 1238 495 1329 pervulgatae
519 1238 657 1320 fuerint3
691 1238 771 1308 inde
806 1239 906 1310 etiam
927 1238 1012 1308 lieri
1043 1239 1194 1329 potuisse
1218 1238 1272 1308 iu-

118 1339 323 1430 telligimus,
367 1348 405 1407 ιιι
441 1338 614 1431 Diogenes
647 1342 890 1410 Anaximenem
930 1341 1081 1424 audiret,
1120 1342 1283 1430 quamvis¹

119 1439 310 1534 longinquo
337 1441 446 1533 spatio
472 1444 644 1532 utriusque
663 1446 775 1535 patrial
794 1444 941 1514 distaret.
987 1445 1078 1512 Nota
1104 1445 1194 1510 euim
1219 1465 1273 1510 res

120 1552 189 1627 est,
234 1545 345 1611 mulla
365 1545 567 1633 antiquiores
596 1544 827 1636 philosophos
853 1546 972 1632 fecisse
1005 1546 1141 1628 itinera,
1183 1551 1284 1630 quae

119 1645 280 1732 equidem
306 1666 374 1713 non
399 1654 469 1714 tam
487 1657 643 1737 suscepta
664 1649 855 1740 putaverim
874 1635 1100 1735 silbonsilio,
1127 1655 1164 1713 ut
1183 1667 1272 1713 nova

119 1747 334 1819 addiscerent
365 1747 623 1836 doctrinamque
654 1773 676 1815 a
710 1772 746 1816 se
779 1749 947 1816 inventam
981 1756 1145 1839 augerent
1169 1756 1272 1834 atque

121 1846 358 1926 emendareut3
399 1855 475 1916 suut
506 1849 595 1915 enim
620 1849 773 1939 plerique
799 1842 1026 1944 ὑπερήφανοι
1058 1849 1272 1941 propriisque

119 1949 261 2040 gloriari
286 1949 394 2016 solent
410 1950 624 2019 commentis:
650 1950 710 2018 sed
727 1960 764 2026 ut
787 1949 945 2020 docendo
961 1950 1171 2040 inventisque
1189 1973 1270 2040 per·

103 2050 301 2142 vulgandis
332 2051 481 2140 gloriam
506 2051 569 2118 sibi
601 2062 760 2141 pararent
794 2060 827 2122 et
859 2053 1102 2122 auctoritatem.
1154 2051 1194 2122 ln
1219 2052 1272 2122 lris

118 2175 202 2222 vero
236 2152 407 2222 itineribus
442 2152 548 2222 sicubi
581 2153 709 2224 claram
734 2156 854 2226 urbem
886 2150 1106 2247 attingerent,
1150 2154 1279 2225 domus¹
1332 2154 1343 2170 “

119 2254 294 2345 hospitum
320 2254 399 2344 ipsis
424 2256 605 2344 patebant,
638 2256 684 2323 ad
709 2279 796 2346 qnos
822 2257 1041 2341 diverterent,
1066 2257 1182 2346 ibique
1214 2265 1273 2326 aut
1399 2249 1403 2272 ’

119 2358 226 2428 libros
251 2378 329 2425 suos
353 2379 469 2426 secum
502 2367 701 2447 apportatas
732 2361 918 2430 amicorum
944 2359 1058 2431 coetui
1089 2359 1280 2450 praelegef·

90 2453 94 2460 ’
121 2460 223 2542 bant,
248 2468 317 2543 aut,
343 2460 370 2526 si
396 2458 547 2528 nondum
573 2460 688 2528 litteris
711 2460 898 2537 doctrinam
923 2460 1175 2547 mandaverant,
1201 2455 1272 2527 ser*

119 2561 275 2632 monibus
300 2584 374 2630 eam
407 2563 633 2650 exponebant.
688 2560 791 2630 Cuius
817 2563 864 2630 rei
886 2560 1142 2650 lepidissimum¹
1156 2583 1272 2632 erem-

118 2665 218 2756 plum
245 2672 294 2731 est
317 2663 352 2730 in
383 2663 532 2731 Platonis
558 2662 770 2732 Parmenide.
822 2664 922 2731 Haeo
956 2663 1029 2730 sola
1059 2663 1278 2755 pervulganff‘

120 2767 187 2834 dae
214 2765 389 2842 doctrinae
412 2764 499 2831 ratio
526 2772 749 2832 consentanea
775 2773 824 2832 est
848 2765 918 2833 istis
943 2772 978 2831 et
1002 2765 1213 2854 temporibus
1237 2774 1272 2836 et

118 2865 346 2962 philosophis.
406 2862 568 2948 Quamvis
606 2873 719 2966 autem
757 2864 803 2934 de
833 2865 1047 2935 Anaximenis
1085 2868 1272 2952 itineribus·

119 2975 284 3058 quantum
312 2966 472 3054 equidem
498 2966 588 3050 scio,
613 2965 699 3034 nihil
724 2966 911 3037 babeamus
936 2978 1167 3060 compertum
1189 2970 1272 3038 inde

119 3079 233 3142 tamen
258 3089 326 3138 non
351 3069 518 3157 sequitur,
553 3068 647 3138 hune
671 3091 802 3139 morem
826 3071 872 3139 ab
899 3091 954 3140 eo*
967 3072 1068 3142 fuisse
1094 3073 1271 3150 omissuma

119 3193 200 3241 nam
225 3170 269 3239 de
295 3171 388 3238 omni
413 3172 483 3240 eius
503 3171 569 3240 vita
588 3173 772 3241 memoriae
786 3173 968 3264 proditum·
984 3173 1148 3246 estnihil.
1182 3175 1270 3244 Dio-

119 3295 245 3366 geuem
277 3281 390 3341 autem
423 3274 541 3341 itinera
571 3275 754 3364 suscepisse
779 3277 950 3357 novimos3
990 3275 1156 3345 Athenas
1178 3286 1271 3354 certe

119 3377 229 3460 venit,
254 3383 409 3443 narrante
427 3375 596 3465 Diogene
619 3375 766 3444 Laertio
782 3376 846 3460 lX,
868 3372 931 3449 5¹1.
972 3377 1072 3460 Quae
1092 3399 1197 3464 quum
1224 3378 1272 3450 ita

120 3479 185 3546 sint
205 3486 238 3546 et
252 3479 279 3546 si
295 3483 472 3568 praeterea
489 3475 677 3568 cogitemus
689 3476 867 3545 florentem
882 3485 954 3544 tum
969 3484 1125 3567 tempore
1148 3477 1272 3548 Ionum

120 3591 167 3650 et'
181 3579 390 3650 Cretensium
423 3587 647 3648 mercaturam
673 3586 707 3645 et
730 3577 998 3669 navigationem:
1034 3602 1157 3666 nemo,
1191 3579 1271 3672 opi-

120 3705 202 3767 nor,
229 3681 386 3774 negabit,
418 3680 574 3751 accidere
599 3679 764 3771 potuisse,
798 3690 837 3750 ut
862 3690 919 3751 aut
942 3682 1116 3775 Diogenes
1141 3684 1272 3760 Ariand-¹

119 3785 231 3870 meni,
264 3789 322 3852 aut
353 3781 412 3850 bic
436 3783 585 3874 Diogeni
613 3782 737 3852 alieubi
762 3793 971 3868 occurreret,
1011 3786 1071 3861 ubi
1097 3784 1275 3877 Diogenes

120 3884 218 3950 illum
244 3885 384 3957 audiret.
416 3923 461 3938 -
504 3884 700 3977 Augustini
726 3885 871 3976 denique
895 3885 981 3954 ratio
1005 3887 1050 3955 ab
1075 3887 1114 3955 iis
1136 3887 1273 3962 inventa·

121 3984 275 4068 videtur,
311 3985 388 4072 qoi,
427 4005 532 4076 quum
563 3989 803 4078 Anaxagoram
835 3988 1049 4066 Anaximenis
1079 3987 1275 4066 auditorem

120 4087 223 4156 fuisse
248 4086 603 4174 narratumviderent,
632 4086 824 4181 Diogenem
837 4111 931 4160 ¹vero
955 4089 1055 4159 huius
1080 4087 1276 4175 aequalem,
1330 4156 1336 4176 ¹

96 4187 339 4275 'eundemque
368 4209 389 4252 a
426 4190 594 4258 nonnullis
626 4189 839 4260 Anaximeuis
880 4191 1085 4280 discipulum
1127 4187 1275 4276 dictum,

121 4298 297 4378 utramque
329 4288 523 4356 sententiam
558 4291 765 4386 coniungere
798 4295 992 4364 solanum
1034 4289 1165 4360 Nullius
1191 4313 1275 4370 eam

122 4393 284 4464 momenti
309 4410 404 4476 esse,
429 4411 494 4482 per
518 4411 554 4459 se
577 4401 682 4484 patet.
715 4457 750 4476 ,,
854 4483 866 4496 ,
945 4465 948 4472 ,
