2966 4990
211 416 262 488 id‘
698 414 796 482 (ΜΡ.
818 407 870 484 di.

212 591 364 665 mactatis
382 591 523 671 vidisse3
550 585 756 679 reliquarum
776 609 857 662 vero
878 583 1205 680 riruios‚‘quan'tum
1222 589 1261 658 id
1281 582 1368 658 tieri

211 705 341 788 ponet,
372 695 406 762 in
432 693 584 783 eorporis
609 694 790 785 superficie
813 695 1004 765 observasse
1024 695 1171 782 indeque
1195 691 1367 761 divinasse

211 797 258 866 de
277 817 394 864 eorum
414 817 512 864 cursu
538 796 711 864 interiores
737 798 849 866 omnia
870 797 943 868 fere
964 799 1055 888 clara
1076 806 1168 881 sunt,
1201 813 1289 884 quae
1312 795 1367 860 de
1463 883 1464 886 Ἴ

212 899 302 966 renis
326 899 492 988 exposuit.
544 901 590 969 Et
603 922 641 968 re
664 922 742 969 vera
761 901 807 968 ita
830 920 908 968 eum
925 901 1051 992 egisse,
1077 899 1237 967 nonnulla
1251 899 1364 966 etiam

210 1000 352 1090 vestigia
374 999 410 1067 in
424 998 526 1092 ipsius
539 1003 691 1070 oratione
708 1024 883 1094 expressa,
907 1026 995 1092 quae
1012 1003 1047 1071 in
1067 1001 1206 1094 siugulis
1227 999 1366 1067 iudica-

209 1101 341 1186 bimus,
367 1103 558 1190 ostendunt¹
608 1105 662 1172 Ex
684 1103 738 1174 his
760 1128 841 1174 vero
861 1106 985 1196 liquet,
1011 1105 1366 1196 plurimas,·quarum

210 1205 415 1272 mentionem
431 1205 534 1289 facit,
560 1223 656 1273 ueras
671 1229 743 1274 esse
758 1230 875 1291 venas,
902 1230 984 1296 quas
997 1206 1100 1274 nostri
1115 1206 1215 1273 etiam
1232 1205 1364 1290 dicunt,
1463 1289 1464 1294 ἵ

210 1327 336 1398 paucas
359 1307 515 1388 arterias,
540 1315 723 1397 propterea
738 1308 832 1395 quod
853 1309 993 1376 arteriae
1012 1307 1251 1399 profundiores
1272 1313 1366 1388 sunt,

210 1425 315 1498 quarn
329 1427 417 1496 qnae
438 1429 580 1494 usquam
596 1431 638 1476 ex
652 1409 803 1499 corporis
824 1411 1001 1500 superficie
1012 1407 1222 1500 pelluceauta
1246 1427 1369 1493 neque

210 1512 246 1580 iu
258 1510 338 1600 ipsis
351 1508 533 1582 commode
547 1502 764 1580 cadaveribus
782 1513 1029 1604 conspiciuntur
1037 1505 1081 1600 1),
1107 1531 1211 1598 quum
1225 1507 1366 1597 abipso

212 1615 330 1682 mortis
357 1611 499 1682 articulo
525 1611 687 1704 sanguine
714 1612 891 1681 sufflueute
920 1611 1096 1680 destitutae
1120 1609 1365 1679 contrahantur

212 1715 276 1798 ita,
301 1722 358 1803 ut,
384 1715 445 1784 nisi
463 1715 572 1806 longo
587 1735 649 1782 usu
663 1716 872 1806 repetitaque
890 1712 1090 1805 experientia
1104 1711 1249 1796 edocto,
1276 1733 1361 1801 per-

200 1817 357 1887 ·difficile
382 1818 440 1905 sit,
467 1838 585 1885 eorum
605 1832 738 1898 cursum
759 1816 924 1908 persequi.
975 1813 1079 1884 Unde
1100 1814 1154 1882 rix
1177 1813 1361 1904 exspectari

215 1927 344 2008 potest,
370 1941 391 1985 a
407 1917 565 2010 Diogene
584 1919 620 1986 id
640 1943 712 1988 esse
727 1919 864 1989 factum.
916 1918 1047 2002 Quibus
1066 1937 1146 1985 vero
1166 1915 1362 2006 praemoni-

216 2019 256 2086 tis
274 2017 402 2102 facile,
434 2021 573 2108 opinor,
604 2020 829 2112 intelligetur,
861 2042 948 2107 quae
977 2041 1098 2089 causae
1126 2018 1265 2106 fuerint,
1300 2040 1362 2087 cur
1463 2085 1464 2105 χ

218 2121 405 2210 Diogenes,
436 2143 542 2208 quum
570 2142 674 2189 venae
702 2131 804 2210 atque
830 2121 970 2190 arteriae
991 2121 1117 2210 ubique
1137 2121 1210 2188 fere
1230 2121 1264 2186 in
1285 2127 1361 2186 toto
1463 2116 1464 2136 ¹

216 2242 362 2312 corpore
382 2243 454 2290 sese
474 2221 691 2304 comitentur,
716 2224 775 2290 ubi
794 2223 863 2291 duo
887 2245 928 2291 ex
949 2224 1004 2290 his
1018 2223 1185 2314 sauguinis
1204 2229 1361 2312 recepta-

216 2325 293 2408 cula
310 2323 565 2415 appellanda‘et
579 2323 802 2394 describenda
823 2333 948 2410 essent,
975 2326 1020 2393 de
1036 2346 1103 2392 uuo
1125 2333 1254 2393 tautum
1273 2345 1360 2415 age·

216 2437 284 2496 ret:
308 2426 453 2496 alterum
468 2425 567 2511 euim,
593 2427 747 2496 arteriam
765 2427 861 2513 dico,
887 2428 1076 2519 ignorabat.
1109 2427 1164 2496 Ex
1177 2426 1230 2493 his
1250 2427 1361 2494 omni-
1463 2457 1464 2521 p

218 2531 279 2598 bus
297 2537 411 2598 autem
431 2536 542 2621 patet,
567 2529 783 2620 interpretem
804 2531 839 2598 in
851 2529 1014 2621 Diogenis
1034 2538 1144 2597 mente
1154 2527 1360 2620 indaganda,
1463 2539 1464 2590 1

217 2641 361 2724 excepta
386 2641 481 2700 corta
508 2639 542 2698 ct
566 2633 729 2723 proximis
750 2633 819 2700 eius
835 2633 946 2717 ramis,
971 2632 1120 2721 undique
1144 2631 1254 2722 primo
1280 2631 1360 2699 loco

90 2742 97 2748 '
217 2734 475 2825 circumspicere
500 2729 644 2818 debere,
670 2757 712 2802 an
737 2756 898 2803 venarum
923 2756 991 2824 ope
1016 2757 1069 2802 res
1095 2731 1275 2803 commode
1300 2753 1360 2800 ex-
1463 2797 1464 2802 ,

217 2837 338 2925 plicari
362 2836 477 2924 possit,
502 2837 596 2922 prius
609 2858 710 2922 quam
737 2838 781 2904 ad
808 2837 943 2905 arterias
968 2836 1152 2928 confugiat.
1203 2833 1359 2918 Accedit,

218 2937 315 3023 quod
338 2935 485 3025 Diogeni
512 2937 733 3024 omnibusque
759 2939 894 3006 omnino
926 2937 1025 3006 huius
1052 2948 1085 3007 et
1109 2937 1276 3026 sequentis
1301 2958 1362 3004 ae-

219 3036 295 3104 tatis
328 3044 362 3104 et
392 3035 533 3106 medicis
559 3045 593 3105 et
623 3037 841 3132 philosophis
874 3040 1053 3109 discrimen
1085 3039 1170 3108 inter
1202 3061 1302 3108 venas
1326 3045 1361 3106 et

220 3137 356 3208 arterias
379 3137 426 3206 ita
450 3140 606 3230 ignotum
633 3148 723 3226 erat,
752 3151 789 3209 ut
814 3143 928 3209 omnia
951 3164 1031 3210 rasa
1056 3126 1251 3234 sanguinem
1278 3163 1360 3210 con·
1463 3183 1464 3188 κ

218 3242 356 3311 tinentia
381 3242 551 3310 communi
572 3243 715 3336 φλεβῶν
735 3245 870 3311 nomine
886 3245 1106 3335 appellarent.
1133 3243 1210 3314 Vid.
1225 3242 1362 3336 sprec*

217 3345 284 3438 get
308 3345 387 3419 hist.
408 3345 530 3414 medic.
551 3339 587 3439 §.
603 3343 664 3414 5⁵6.
682 3369 718 3437 p.
737 3345 823 3414 322.
846 3341 882 3441 §.
897 3346 957 3414 78.
979 3371 1015 3438 p.
1037 3345 1123 3416 364.
1174 3347 1267 3414 Hinc
1293 3365 1359 3436 ego
1463 3405 1464 3426 ἶ

219 3471 357 3536 quoque
381 3450 417 3517 in
441 3449 693 3540 interpretando
719 3451 883 3543 Diogenis
898 3443 1121 3541 ¹fragmento,
1145 3448 1208 3518 nisi
1224 3447 1282 3516 ubi
1303 3469 1365 3525 re-,
1463 3507 1464 3512 ,

220 3551 370 3616 coctiora
401 3553 537 3619 nomina
571 3551 790 3636 adhiberem,
822 3561 880 3619 aut
912 3575 1013 3621 venas
1045 3575 1202 3644 expresse
1233 3548 1358 3616 arteriis

220 3671 450 3746 opponerem,
475 3653 522 3719 de
545 3655 695 3743 utrisque
715 3676 849 3744 semper
862 3639 947 3720 ‘sola
971 3651 1130 3722 venarum
1156 3652 1360 3744 appeliatio-
1431 3715 1435 3724 ,

220 3773 263 3820 ne
296 3773 376 3819 usus
410 3747 493 3822 sum.
545 3753 615 3838 Qui
642 3779 683 3823 ex
706 3756 775 3826 hac
800 3779 837 3824 re
862 3755 965 3822 uobis
985 3756 1107 3824 exsistit
1133 3757 1271 3842 fructus,
1297 3753 1359 3820 du-

219 3855 301 3946 plex
323 3859 386 3922 est.
406 3891 408 3896 ·
438 3854 528 3922 Nam
540 3877 644 3942 quum
662 3879 819 3926 venarum
837 3866 938 3946 atque
964 3861 1158 3926 arteriarum
1184 3856 1359 3925 discrimen

219 3959 253 4056 iu
271 3980 313 4026 eo
336 3954 479 4025 maxime
504 3957 651 4048 positum
675 3960 726 4050 sit,
751 3970 789 4028 ut
813 3960 881 4030 hae
906 3963 1102 4054 sauguinem
1129 3985 1149 4032 e
1175 3958 1280 4031 corde
1304 3978 1358 4026 ao-

289 4227 322 4293 1)
339 4227 382 4281 cr.
402 4227 507 4280 amer.
525 4226 556 4279 a·
567 4225 640 4281 raa.
657 4227 745 4282 naam.
764 4228 799 4293 a,
816 4226 843 4281 s.
862 4246 888 4297 p.
906 4227 967 4284 aar.
984 4231 1018 4282 a.
1048 4228 1096 4286 και
1114 4225 1166 4296 τὴν
1183 4222 1235 4296 μὲν
1252 4219 1360 4292 (aare

220 4291 358 4378 pancitas)
384 4291 490 4350 ἅπαντ’
515 4292 568 4384 igar
589 4291 626 4383 rui
651 4293 753 4367 ἔναιμα
780 4299 925 4368 φανεροῖς,
958 4297 1012 4370 τὴν
1029 4295 1061 4356 di
1079 4294 1213 4369 (ridetur)
1233 4292 1294 4351 ἔνια
1310 4287 1358 4372 pin

222 4363 370 4430 αμυδρως,
389 4361 450 4419 ἔνια
468 4362 501 4420 δ’
517 4385 645 4436 aponoc-
