2942 4996
196 401 244 474 Β
638 391 744 458 GAR-
761 396 887 462 ΜΕ

196 567 393 654 uoment‘m
420 563 581 637 inclinem
602 571 637 636 et
659 573 760 638 caute
788 567 914 660 magis,
939 587 1088 687 quam
1074 587 1127 634 ex*
1141 564 1244 637 animi
1255 587 1346 634 sen-

195 673 299 748 tenna
310 667 417 791 loqui
435 667 580 752 videtur,
607 690 712 758 quum
737 669 931 762 Diogenem
953 693 993 738 ea
1016 670 1091 762 ipsa
1105 669 1251 754 ratione,
1276 691 1348 758 qna

194 776 241 846 de
249 770 435 870 principio
460 792 521 840 suo
545 771 679 840 locutus
703 772 766 856 sit,
789 796 904 842 ansam
928 768 1012 843 huic
1037 771 1189 862 οιιίιιίοιιὶ
1213 770 1350 838 dedisse

194 863 320 959 rideri,
347 873 439 946 dicat
463 873 516 965 [p
543 869 642 963 aaz)
667 873 722 944 cui
747 875 887 965 quidem
912 875 1092 947 sententiae
1117 873 1266 965 inprimis
1291 873 1347 942 la-

193 1001 274 1048 vere
301 984 431 1061 censet,
463 975 558 1068 quod
584 975 758 1068 Diogenes
779 979 928 1048 animam
955 978 1104 1046 omnium
1130 976 1349 1046 animantium

195 1104 267 1152 esse
291 1085 431 1162 adrem,
462 1078 660 1152 calidiorem
690 1080 829 1169 quidem
854 1105 918 1166 eo,
955 1082 991 1150 in
1022 1103 1092 1171 quo
1126 1101 1188 1149 nos
1222 1100 1347 1167 sumus,

173 1183 257 1253 -sed
283 1182 391 1252 multo
416 1180 651 1273 frigidiorem,
693 1205 796 1270 quam
822 1184 880 1272 qui
906 1183 996 1255 circa
1021 1185 1128 1252 solem
1153 1183 1211 1267 sit,
1252 1181 1351 1248 altir-

193 1295 265 1359 mut
278 1286 320 1356 fr.
336 1283 395 1353 vL
448 1284 566 1374 Pergit
587 1285 676 1351 enim
692 1285 757 1352 ita:
780 1285 852 1355 Um
875 1286 942 1354 den
960 1283 1258 1372 Zusammenbang
1273 1284 1349 1352 die-

195 1412 248 1482 ser
259 1389 476 1478 Aeussemng
489 1387 552 1453 mit
564 1406 699 1454 unserer
712 1386 952 1479 Vermuthung
964 1389 998 1456 in
1012 1389 1071 1456 das
1084 1387 1231 1480 richtige
1244 1384 1351 1455 Licht

195 1513 239 1560 au
255 1497 384 1571 selaeu,
409 1487 452 1554 ist
472 1510 516 1554 zu
536 1487 738 1571 bomerken‚
768 1490 846 1559 dass
867 1491 1040 1583 Diogenes
1057 1513 1124 1559 uon
1139 1489 1200 1558 der
1216 1489 1349 1558 Analo-

195 1594 254 1688 gie
275 1589 445 1660 zwisenen
461 1589 556 1658 Welt
578 1588 647 1658 uml
670 1591 861 1662 Meuschen
886 1593 1107 1686 ansgehend‚
1140 1594 1200 1660 das
1222 1592 1349 1659 Wesen

196 1694 266 1764 und
291 1694 358 1763 den
372 1693 494 1762 Grund
507 1692 602 1760 iener
614 1693 650 1759 in
669 1692 731 1760 der
745 1695 845 1764 Seele
859 1696 999 1781 suchte,
1025 1719 1063 1765 so
1080 1696 1145 1765 wie
1166 1695 1258 1764 diese
1273 1693 1351 1762 sich

196 1788 269 1880 ibm
283 1797 367 1866 eber
381 1796 429 1864 als
443 1796 497 1866 ein
514 1817 655 1864 wormes
677 1797 770 1866 Aus-
784 1798 854 1867 und
868 1800 1073 1884 Einathmen
1091 1798 1152 1868 der
1164 1798 1247 1865 Lnft
1269 1819 1349 1865 ver-

196 1897 362 1982 kbndete,
393 1920 432 1964 so
458 1898 588 1968 scheint
607 1920 645 1966 er
666 1899 756 1968 auch
778 1900 838 1969 das
859 1901 1092 1971 Grundwesen
1110 1901 1171 1970 der
1187 1901 1279 1969 Welt
1300 1900 1351 1966 als

198 2022 322 2084 parma
336 1998 437 2081 Lult,
462 1999 636 2068 vielleicht
652 2001 733 2070 aber
749 2005 797 2070 als
811 2004 878 2071 viel
893 2013 1064 2089 wermere,
1092 2005 1139 2070 als
1154 2002 1217 2072 der
1229 2005 1349 2070 leben-

197 2104 303 2194 digen
326 2100 514 2170 Menschen
534 2102 682 2186 Athem,
715 2105 887 2175 vielleicbt
909 2108 957 2174 als
976 2105 1167 2196 brennend,
1202 2105 1268 2173 wie
1290 2104 1350 2172 die

143 2233 151 2252 ⁰
196 2203 440 2298 Umbreisnng⁴
454 2202 526 2298 der,
543 2204 638 2272 Erde
656 2201 687 2296 1)
713 2208 885 2301 angesehn
910 2233 952 2276 zu
976 2210 1131 2282 haben.“
1166 2207 1350 2291 'Quamvis

195 2307 285 2390 baec
304 2306 451 2398 speciem
473 2305 622 2397 aliquam
643 2309 788 2378 veritatis
811 2312 983 2398 habeant,
1009 2309 1166 2398 equidem
1188 2318 1301 2373 tamen
1325 2332 1350 2374 a

196 2434 252 2485 me
269 2411 454 2499 impetrare
469 2431 536 2478 non
546 2433 707 2508 possum,
733 2423 771 2481 nt
786 2412 917 2480 liittero
933 2413 1099 2478 assentiar.
1134 2410 1349 2499 Repugnare

197 2516 286 2584 enirn
305 2511 458 2600 videntur
472 2513 522 2598 iis,
548 2537 636 2604 quae
657 2514 701 2582 de
715 2515 878 2608 Diogenis
894 2513 1046 2582 doctrina
1060 2535 1102 2582 ex
1113 2511 1186 2579 aliis
1200 2511 1348 2602 scripto-

196 2616 287 2688 ribus
302 2624 477 2708 comperta
495 2616 679 2703 babemus,
704 2618 798 2706 quod
812 2639 891 2686 mox
905 2615 1082 2686 ostendere
1096 2616 1257 2685 conabor.

299 2750 385 2842 Cap.
412 2750 474 2819 ll.
527 2753 589 2820 His
612 2754 769 2844 expositis
788 2775 899 2828 meam
920 2753 1190 2843 qualemcunque
1214 2748 1348 2821 dehac

196 2878 233 2924 re
249 2854 445 2922 sententiam
462 2853 497 2919 iu
516 2855 666 2924 medium
685 2857 841 2948 prolerre
856 2857 966 2926 liceat.
1018 2857 1072 2925 Ac
1091 2854 1175 2922 mihi
1195 2852 1346 2942 quidem,

197 2964 316 3045 aperte
338 2963 377 3022 ut
398 2954 528 3042 dicam,
554 2960 639 3046 qnid
661 2961 820 3044 sentiam,
846 2959 1062 3043 Aristoteles,
1087 2957 1147 3025 nbi
1170 2956 1215 3024 de
1232 2955 1349 3025 media

197 3059 258 3125 illa
278 3068 397 3127 natura
419 3058 585 3151 loquitur,
612 3063 657 3130 de
675 3062 833 3153 Diogene
849 3085 891 3130 ne
904 3061 1072 3152 cogitasse
1088 3058 1228 3149 quidem
1250 3057 1347 3126 vide-

196 3169 268 3245 tur,
292 3161 431 3250 qnando
447 3163 607 3251 quidem,
632 3166 681 3232 uti
702 3164 829 3232 «lictum
859 3173 924 3248 est,
959 3162 1053 3230 hand
1075 3164 1219 3231 obscure
1235 3169 1348 3229 aerem

198 3287 277 3334 eum
296 3263 454 3334 habuisse
473 3261 588 3362 α’ρχήν
607 3276 762 3348 testatum
787 3266 848 3335 sed
864 3267 973 3335 omnis
994 3265 1116 3334 erroris
1133 3265 1209 3333 fons
1233 3265 1267 3330 in
1283 3263 1347 3331 Ni·

197 3368 315 3455 colao,
341 3392 362 3437 a
383 3392 453 3459 quo
472 3369 564 3439 hanc
587 3372 788 3462 opinionem.
805 3371 849 3440 ad
864 3371 1011 3460 reliquos
1034 3376 1260 3460 propagatam
1274 3387 1347 3434 esse

197 3479 345 3555 constat,
383 3474 596 3560 quaerendus
628 3483 686 3542 est.
746 3475 949 3564 Quanquam
979 3473 1108 3542 nescire
1135 3472 1259 3552 fateor,
1298 3466 1346 3534 ad

197 3593 360 3659 quosnam
374 3568 420 3646 ad
434 3570 573 3668 μιταξύ
586 3576 670 3644 illud
684 3576 881 3646 Aristoteles
897 3576 1029 3645 referat.
1065 3576 1153 3641 Puto
1176 3569 1346 3661 equidem,

196 3673 416 3765 ignobiliores
437 3676 602 3765 quosdam
623 3679 672 3746 sui
693 3680 854 3769 temporis
875 3672 1105 3768 philosophos
1121 3697 1198 3743 enm
1216 3673 1347 3766 signifi-

197 3798 293 3861 oare,
319 3798 421 3864 quos,
447 3781 561 3849 nescio
578 3780 700 3870 quibus
714 3781 760 3848 de
782 3782 905 3863 causis,
933 3779 1067 3845 nomine
1082 3777 1260 3868 appellare
1282 3798 1346 3844 no-

197 3881 310 3950 luerit:
336 3879 431 3969 quod
446 3883 582 3971 quidem
601 3907 641 3952 ea
660 3885 804 3970 ratione,
831 3905 897 3974 qua
912 3879 1107 3971 Metaplrys.
1126 3880 1161 3967 l,
1179 3879 1214 3948 6.
1233 3880 1277 3948 de
1295 3878 1347 3945 his

196 3984 361 4074 loquitur,
381 3986 562 4075 probabile
576 3987 660 4056 milui
673 3988 815 4059 videtur.
864 3983 944 4059 Καὶ
961 3976 1044 4082 ycip,
1070 3985 1194 4074 inquit,
1215 3979 1347 4056 volou-

266 4289 299 4356 1)
314 4290 490 4347 Provocatlr
506 4289 647 4346 nano
596 4289 676 4360 mog
695 4288 751 4345 bui
751 4297 784 4345 rt.
801 4289 834 4356 b,
851 4285 900 4343 57:
924 4287 1002 4362 παρὰ
1025 4289 1079 4344 aori
1100 4285 1171 4346 lue
1155 4285 1207 4341 voni
1228 4284 1346 4354 θερμιιιῖ

197 4373 260 4427 περ
262 4357 367 4427 φοι
402 4361 455 4414 Sed
471 4359 637 4414 atdrulr
622 4376 681 4430 c.rqr
698 4359 741 4414 ot.
