2966 4990
207 418 268 480 134
657 403 756 468 ΟΑΡ.
778 407 830 469 28.
852 407 902 469 m

203 587 469 670 quateretque
491 577 612 648 diutius
630 577 702 650 ‘cius
723 575 791 644 vim
813 572 1037 644 sentiunt'illa
1058 571 1153 658 loca,
1171 595 1213 646 eo
1235 575 1346 642 maio-

203 709 273 754 rem
299 685 413 754 eriucit
438 683 652 750 lrnmidarurn
677 679 927 766 exhalationum
955 676 1217 756 multitudinem
1256 701 1345 766 quae

201 812 304 877 quum
327 797 444 856 natura
463 807 521 852 sna
540 785 623 853 illuc
644 784 857 866 incumbant,
884 801 952 870 quo
978 779 1025 847 vis
1048 781 1168 848 caloris
1193 781 1344 868 accersit,

201 901 301 958 aucto
325 889 443 958 sensim
466 889 597 977 impetu
616 887 650 953 in
676 910 732 954 eas
753 885 841 954 coeli
860 885 983 975 plagas
1006 882 1150 966 irruunt,
1177 907 1264 971 quae
1285 906 1342 978 soff

201 995 239 1062 lis
260 992 370 1059 radiis.
383 992 527 1058 maxime
550 999 766 1071 exaruerunt,
800 987 911 1058 doneo
936 988 1045 1076 ipsum
1064 985 1100 1053 in
1122 987 1239 1054 itinere
1258 1009 1342 1056 oon-

199 1097 310 1170 sistere
332 1103 458 1185 cogant
471 1092 646 1184 magisque
664 1093 822 1160 instantes
845 1089 1010 1180 repellant
1032 1088 1135 1156 densa
1155 1113 1215 1157 sna
1228 1092 1348 1180 gravi.

198 1207 276 1266 tote.
327 1197 393 1267 'Sic
421 1197 508 1266 enirn
530 1195 624 1265 haud
646 1195 751 1262 dubie
773 1191 1012 1284 explicandum
1037 1201 1103 1274 est,
1136 1193 1231 1279 quod
1261 1191 1343 1260 dicit

200 1303 385 1372 Stobaeust
411 1295 694 1376 ἀντιπίπτοντος
708 1297 778 1369 τοῦ
799 1295 955 1387 ψυχροῦ.
1009 1293 1112 1376 Quod
1129 1317 1232 1382 quum
1248 1295 1347 1362 acci-,

200 1403 267 1488 dit,
281 1401 459 1492 'frangitur
483 1421 524 1468 ac
551 1399 744 1468 debilitatur
766 1397 945 1486 paullatim
966 1396 1045 1462 solis
1073 1394 1190 1481 ardor,
1227 1397 1339 1466 clonae

199 1516 353 1594 tompore
371 1505 511 1570 brumae
528 1523 638 1591 paene
656 1501 834 1570 exstinctus
851 1522 921 1566 esse
934 1497 1088 1566 videatur
1102 1499 1339 1590 (σβέννυται).

199 1607 285 1676 Mox
302 1616 412 1674 mineo
425 1628 478 1673 res
490 1613 646 1672 motatur.
697 1602 854 1670 Hunridis
871 1603 960 1668 enim
976 1600 1156 1692 vaporibus
1175 1601 1246 1689 ipsa
1262 1601 1343 1670 solis

199 1710 285 1800 fuga
306 1706 455 1776 subsidio
476 1708 570 1796 qnasi
597 1714 631 1774 et
651 1705 810 1774 alimento
835 1704 1014 1787 destitutis,
1052 1713 1123 1772 tum
1152 1725 1285 1794 magna.
1298 1725 1340 1770 ex

198 1821 294 1901 parte
307 1811 564 1896 meridianarum
581 1809 777 1902 regionum,
808 1829 876 1896 quo
888 1808 1102 1896 perveniunt,
1126 1814 1217 1872 aestu
1235 1803 1340 1872 diffu-

197 1914 240 1980 sis
267 1936 288 1978 a
313 1898 553 2001 siticulosisque
576 1913 706 2002 Libyae
731 1911 868 1978 desertis
890 1908 1077 1991 exhaustis,
1103 1909 1222 1975 iterum
1248 1930 1340 1976 cres-

197 2025 277 2084 cunt
302 2015 380 2082 solis
400 2017 502 2094 vires;
534 2015 632 2106 pellit
654 2016 706 2082 sol
727 2035 888 2104 vapores,
920 2037 940 2079 a
964 2011 1085 2100 quibus
1109 2019 1204 2078 antea
1226 2011 1336 2100 pelle-

196 2119 296 2185 batur
320 2138 549 2204 conversoque
569 2118 685 2197 itinere
704 2127 855 2204 naturam
878 2138 971 2182 suam
996 2115 1152 2204 sequitur.
1205 2115 1262 2180 Sic
1277 2135 1337 2180 au·
1451 2156 1452 2176 τ

195 2229 264 2288 tern
288 2219 399 2286 omnia
414 2219 505 2287 clara
520 2241 590 2286 esse
606 2218 776 2302 videntur;
802 2240 865 2287 nec
879 2217 1064 2285 andiendus
1085 2226 1134 2283 est
1148 2215 1340 2283 Alexander

195 2321 484 2412 Aphrodisiensis,
519 2321 576 2409 qui
597 2321 636 2409 (l.
655 2321 693 2411 l.)
717 2321 794 2386 solis
812 2320 1045 2389 conversiones
1069 2318 1148 2385 inde
1170 2319 1339 2408 explicare

194 2425 323 2513 studet,
349 2425 530 2512 ,manniam
548 2423 668 2492 eadem
690 2445 823 2514 semper
842 2424 919 2491 loca
942 2421 1101 2490 exhibere
1114 2421 1163 2488 illi
1182 2413 1340 2488 alimenta

193 2549 260 2594 non
287 2527 446 2620 possint.⁸‘

298 2699 384 2790 Cap.
410 2696 472 2766 79.
523 2697 622 2766 Haec
647 2699 769 2790 igitur,
805 2718 893 2786 quae
919 2696 1069 2788 exposita
1100 2703 1167 2785 est,
1199 2717 1278 2764 vera
1304 2705 1340 2763 et

195 2801 346 2870 accessus
373 2812 406 2868 et
432 2823 578 2870 recessus
595 2800 674 2868 solis
700 2801 764 2869 fuit
788 2823 907 2882 causa,
933 2821 1078 2887 quacum
1104 2799 1267 2889 Diogenis
1293 2797 1339 2865 de

194 2925 302 2968 annua
336 2901 404 2970 Nili
436 2903 660 2970 exundatione
693 2904 856 2971 sententio
891 2905 938 2971 ita
974 2903 1159 2972 consentire
1194 2901 1337 2984 videtur,

193 3014 229 3070 ut
253 3026 342 3094 nunc
368 3003 503 3072 tandem
529 3013 621 3072 recte
654 3006 869 3096 intelligatur.
930 3007 1019 3073 Nam
1051 3027 1156 3092 quum
1193 3005 1338 3074 maxima

191 3107 395 3176 incrementa
421 3107 534 3175 Nilum
562 3131 583 3174 a
608 3107 720 3176 media
746 3109 818 3176 fere
845 3117 967 3177 aestate
994 3130 1098 3194 usque
1132 3107 1175 3176 ad
1203 3118 1339 3196 ternpus

191 3211 393 3300 aequinoctii
419 3233 542 3299 capere
568 3219 710 3292 constet3
737 3210 844 3280 facilis
867 3211 1040 3279 intellectu
1065 3209 1163 3278 huius
1189 3210 1237 3276 rei
1254 3232 1337 3279 cau·
1451 3215 1452 3218 ’

190 3337 228 3380 sa
247 3337 323 3382 ,esse
350 3312 489 3380 videtur.
546 3311 673 3380 Primo
695 3314 783 3382 enirn
815 3297 894 3380 solis
927 3335 1058 3382 recessu
1082 3336 1238 3404 magnam
1268 3313 1337 3381 lm-

190 3415 360 3488 midorum
385 3435 549 3506 vaporum
577 3416 711 3505 copiam
736 3418 770 3484 in
796 3416 856 3482 illa
881 3416 967 3484 loca
985 3416 1105 3486 arcessi
1125 3415 1337 3490 demonstra·-

188 3525 259 3584 tum
287 3529 353 3601 est,
388 3518 478 3585 uude
504 3519 598 3585 Nilus
625 3519 778 3608 profluit,
812 3519 932 3606 quibus
966 3527 1130 3608 exparte
1155 3518 1271 3584 saltem
1298 3517 1334 3582 in

186 3615 311 3685 terram
340 3620 508 3688 conversis
533 3622 676 3690 fluminis
702 3645 790 3710 aqua
815 3622 976 3689 increscat
1000 3644 1136 3691 necesse
1161 3630 1228 3698 est;
1261 3630 1336 3688 turn

186 3743 267 3789 vero
294 3722 394 3788 etiarn
424 3723 542 3812 ingens
575 3747 736 3813 aquarum
770 3723 949 3790 multitudo
980 3745 1021 3795 ex
1053 3723 1168 3792 solutis
1200 3732 1335 3810 septen-

185 3825 376 3893 trionalium
402 3825 579 3914 regionum
607 3825 1012 3914 nivibusuiquefaotaqoe
1046 3827 1160 3916 glacie
1193 3825 1335 3906 accedit,

185 3951 273 4016 quae
300 3937 524 4017 eorstempore
550 3951 612 4017 per
638 3930 865 3996 subterraneas
892 3928 968 3996 istas
990 3930 1185 4018 speluncas,
1212 3928 1334 4014 quibus

183 4042 308 4098 terram
334 4031 542 4122 perforatam
568 4054 641 4100 esse
665 4031 879 4111 existimavit,
918 4032 951 4104 in
979 4031 1179 4100 rneridianas
1213 4030 1335 4119 plagas

186 4135 402 4221 perveniunt·
461 4135 564 4218 Quod
600 4143 637 4212 ut
669 4134 714 4200 ita
753 4135 945 4223 Diogenem
980 4133 1127 4201 statuisse
1166 4141 1334 4222 putemus,
1363 4163 1366 4172 *

187 4257 292 4322 qnnm
318 4237 463 4323 reipsa,
490 4248 561 4304 turn
588 4236 717 4304 disertis
744 4247 894 4304 veterum
910 4237 1105 4305 testimoniis
1132 4235 1331 4303 inducimur.

192 4335 328 4403 Seneca
356 4338 490 4419 Quaest.
520 4347 584 4404 nat.
612 4338 677 4422 IV,
706 4338 746 4434 2¹:
783 4339 965 4431 Diogenes
991 4339 1237 4432 Apolloniates
1262 4339 1335 4404 uit:
