2942 4996
632 403 732 500 cm
758 435 812 502 aa.
1208 383 1210 390 l
1250 437 1292 523 et

143 607 235 680 Nam
248 625 354 696 quum
370 604 476 672 multa
492 585 659 684 vocabula
672 605 706 672 io
722 627 818 688 suum
832 601 1007 688 slbiusnm
1022 605 1146 700 fingat,
1171 618 1297 682 noram·

143 711 222 780 aliis
245 709 351 778 addat
367 706 663 799 significationem,
689 707 773 794 alia,
799 703 888 797 qnae
902 703 1103 780 scotiarum
1123 703 1296 778 rerum'si-

141 812 370 884 militudinem
384 810 586 900 antiquiores
602 809 716 881 dicere
731 811 901 896 solebant,
928 809 971 880 ad
989 813 1164 905 propriam
1179 829 1297 892 corum

142 917 215 1005 uim
237 921 390 1002 revocet,
416 911 485 983 hec
503 913 576 1003 ipsa
597 913 734 982 licentia
753 915 786 982 in
812 915 953 990 aliorum
978 915 1143 984 sententiis
1164 931 1299 1007 propo-v

142 1019 266 1089 nendis
285 1039 365 1106 usus
380 1015 475 1084 baud
495 1037 571 1084 raro
588 1017 768 1106 genuinam
788 1039 902 1084 earum
926 1016 1075 1089 formam
1094 1027 1128 1085 et
1144 1017 1301 1086 habitum.

143 1121 268 1215 paullo
282 1117 422 1188 inflectit
435 1128 536 1206 atque
551 1117 722 1200 immutate
749 1119 841 1189 cuius
855 1118 904 1187 rei
916 1120 1167 1208 liquidissimum
1183 1143 1300 1192 exem-

146 1224 250 1318 plum
267 1222 411 1313 praebet
432 1220 477 1288 de
499 1220 587 1289 Gen.
612 1233 646 1288 et
665 1244 752 1292 corr.
771 1221 805 1310 l,
821 1221 864 1311 6,
890 1223 950 1306 nbi
968 1223 1222 1316 enmlliogenis
1243 1225 1298 1292 lo·

145 1348 246 1411 cnm,
280 1324 339 1414 qui
363 1323 556 1416 fragmento
579 1322 614 1390 ll
639 1325 844 1412 continetur,
874 1349 934 1395 sua
961 1325 1089 1395 ratione
1109 1327 1301 1416 attentet.
1318 1341 1339 1381 ’-

147 1452 228 1521 oap.
245 1426 335 1519 31.).
385 1427 609 1518 Quanquam,
635 1430 689 1496 vel
711 1428 757 1496 ita
785 1437 941 1520 agentem
963 1419 1106 1500 aliorum
1123 1429 1301 1502 'sententiae

147 1540 308 1604 accurate
329 1538 363 1598 et
385 1529 539 1598 distincte
563 1529 765 1620 plerumque
791 1533 998 1621 exposuisse,
1032 1531 1150 1622 negari
1175 1531 1300 1618 nequit.

146 1637 252 1705 Hanc
271 1641 383 1701 antem
402 1633 565 1700 rationem
585 1634 694 1724 magis
717 1633 752 1699 in
771 1634 809 1702 iis
833 1632 1121 1724 pbilosophorum
1142 1633 1227 1700 locis
1247 1655 1300 1702 se·

149 1748 248 1806 cutus
264 1757 335 1803 esse
348 1733 496 1817 videtur,
522 1756 666 1821 quorum
681 1731 828 1802 breviter
842 1744 968 1804 tantum
984 1735 1178 1804 sententiam
1195 1733 1302 1804 affer·-

149 1861 191 1910 re
209 1838 297 1915 vult;
321 1834 356 1902 in
375 1837 509 1901 maioris
536 1857 617 1904 vero
641 1835 787 1904 ambitus
801 1837 909 1923 locis,
942 1838 1051 1926 qualis
1073 1836 1133 1908 hic
1164 1844 1230 1922 est,
1256 1837 1301 1906 de
1413 1909 1418 1912 ,

111 1989 113 1994 ·
150 1963 223 2032 quo
235 1939 384 2030 agimus,
410 1938 444 2005 in
460 1936 579 2026 quibus
594 1938 727 2030 singula
741 1939 893 2008 retulisse
913 1943 1046 2026 attinet,
1072 1941 1140 2010 hac
1162 1941 1301 2030 quidem

150 2044 281 2112 ratione
303 2041 350 2107 uti
375 2039 429 2107 vix
451 2041 578 2131 potuit:
604 2040 658 2124 id,
684 2041 779 2129 qnod
800 2040 949 2134 inprimis
973 2044 1065 2113 clare
1081 2042 1303 2112 demonstrari

149 2153 265 2239 potest
287 2142 320 2210 in
341 2152 454 2210 nostro
475 2146 564 2212 loco.
616 2143 705 2212 Nam
726 2167 830 2233 quum
853 2147 960 2216 omnis
978 2146 1038 2217 hic
1061 2147 1105 2214 ad
1129 2147 1224 2217 suurn
1248 2147 1304 2214 lo·

152 2246 281 2339 quendi
303 2267 397 2313 usum
420 2245 678 2313 transformandi
702 2248 835 2316 occasio
851 2249 962 2339 posita
977 2250 1146 2320 Aristoteli
1169 2259 1254 2319 esset
1269 2249 1304 2318 in

154 2374 214 2436 eo,
241 2359 279 2418 ut
299 2349 445 2440 singulas
467 2350 619 2439 corporis
645 2360 777 2439 partes,
807 2351 833 2417 si
858 2374 945 2439 quae
969 2362 1094 2435 essent,
1128 2375 1211 2440 quas
1231 2352 1305 2443 ipse

154 2455 227 2524 aliis
242 2452 432 2520 nominibus
447 2451 653 2542 appellaret,
677 2473 739 2520 sua
754 2454 882 2520 ratione
897 2455 1098 2532 nominaret3
1125 2454 1229 2522 multa
1245 2475 1306 2522 ve-

154 2559 254 2649 stigia
273 2565 364 2640 sunt,
390 2556 513 2643 quibus
532 2574 669 2642 prorsus
685 2575 762 2622 eum
784 2553 853 2621 hac
878 2577 916 2621 re
939 2555 1131 2621 abstinuisse
1145 2554 1306 2648 intelligi-

153 2672 227 2747 tur,
254 2656 348 2747 quod
368 2656 403 2722 in
423 2656 509 2723 notis
532 2655 578 2722 ad
607 2653 700 2722 bunc
721 2655 835 2723 locum
858 2657 992 2723 uberius
1016 2657 1315 2725 demonstrabitur.¹

153 2764 203 2832 Et
219 2761 274 2828 vix
289 2758 394 2825 mains
409 2758 490 2846 quid
504 2755 741 2824 transformare
756 2756 786 2823 ei
800 2757 892 2826 licuit
909 2758 952 2825 ad
968 2781 1060 2827 suam
1075 2781 1218 2847 eamque
1234 2751 1308 2828 ιιιο·1

155 2867 279 2934 liorem
296 2859 345 2926 rei
360 2858 606 2949 cognitionem,
632 2881 738 2948 quum
756 2858 792 2926 id
809 2859 878 2930 lroc
898 2860 978 2930 loco
994 2871 1128 2954 ageret,
1155 2872 1192 2930 ut
1213 2872 1307 2952 rete·-

157 2989 211 3034 res
228 2964 309 3030 istos
329 2959 571 3053 physiologos,
595 2981 738 3050 quornm
756 2964 932 3032 sententias
953 2964 997 3033 de
1017 2989 1177 3034 venarum
1195 2965 1307 3035 distri-

157 3066 298 3136 butione
318 3066 472 3154 exponit,
499 3064 619 3132 erroris
640 3067 675 3133 in
695 3065 763 3133 hac
785 3090 822 3135 re
844 3067 1066 3137 convinceret.
1118 3069 1206 3137 Nam
1232 3067 1308 3142 ἐπεὶ

159 3166 195 3244 δ’
219 3158 330 3266 ἄρχῃ,
357 3167 482 3257 inquit,
509 3168 624 3240 icem
653 3196 674 3264 η
697 3195 765 3241 του
794 3176 951 3261 αἵματος
973 3165 1079 3265 φύσις
1105 3171 1165 3244 καὶ
1189 3199 1210 3266 η
1234 3169 1308 3242 coir

159 3272 324 3368 cleptein,
350 3270 497 3366 πρῶτον
522 3269 603 3364 nepa
628 3269 771 3343 τούτων
798 3273 960 3360 λεκτέον,
997 3271 1136 3352 ἄλλως
1161 3300 1209 3344 τε
1234 3269 1309 3350 καὶ

159 3371 319 3468 ἐπειδη
347 3371 433 3444 τῶν
463 3365 695 3467 πρότερον
722 3365 968 3468 εἰρηκότων
1001 3375 1124 3453 τινὲς
1151 3369 1202 3444 ori
1227 3398 1308 3444 κα-

159 3476 494 3566 ioicie‘yoootn
525 3471 611 3546 Hist.
628 3472 739 3542 Anim.
755 3471 791 3555 3,
807 3472 895 3557 2,.2
938 3472 1310 3566 Abhacigiturparte

158 3578 323 3672 lliogeois
341 3576 525 3642 orationem
541 3575 586 3642 ab
607 3597 648 3644 eo
667 3575 833 3676 integram
848 3575 1001 3643 relictam
1022 3576 1143 3664 luisse,
1169 3586 1311 3647 conten-

161 3681 244 3750 dere
259 3701 360 3771 posse
378 3677 465 3746 mihi
484 3676 610 3746 videor.
663 3678 734 3749 Sed
753 3669 819 3745 alia
836 3678 934 3746 ctiam
950 3679 1034 3747 ratio
1055 3689 1121 3760 est,
1149 3705 1215 3771 qua
1230 3679 1310 3749 Ari·

162 3784 298 3852 stoteles
326 3805 400 3859 eam
428 3782 605 3851 immutare
631 3789 775 3872 poterat.
827 3781 941 3864 Quum
965 3783 1071 3870 enim,
1105 3783 1154 3852 uti
1183 3785 1311 3854 dictum

165 3894 232 3968 cst,
255 3894 487 3977 argumentum
505 3883 613 3975 magis
627 3893 812 3974 spectaret,
837 3907 938 3972 quam
955 3885 1230 3956 elocutionem:
1220 3905 1254 3950 ro
1269 3904 1311 3951 eo

165 4008 267 4076 saepe
281 3988 419 4055 nimium
435 3988 497 4055 sibi
514 3987 689 4056 indulsisse
710 3986 987 4077 deprehenditur,
1011 3988 1106 4077 quod
1123 3986 1200 4068 alia,
1225 4007 1312 4074 quae

165 4089 274 4159 minus
295 4088 340 4155 ad
362 4110 434 4156 renr
454 4089 569 4158 facere
588 4089 797 4174 viderentur,
823 4091 926 4180 plane
943 4093 1120 4173 omitteret,
1146 4089 1213 4156 alia
1229 4109 1313 4157 con,

164 4192 336 4273 traheret,
366 4189 400 4254 in
421 4191 494 4259 aliis
516 4192 662 4280 deniqne
685 4192 801 4284 priscis
823 4215 948 4265 vocum
974 4191 1091 4258 formis
1111 4192 1313 4261 recentiores

166 4294 392 4374 substitueret,
418 4293 604 4382 verbaque,
628 4317 716 4384 qnae
744 4295 827 4362 alius
851 4293 986 4363 dialecti
1006 4301 1131 4377 essent,
1157 4285 1311 4364 commu-

167 4407 254 4468 taret
267 4418 346 4471 curn
358 4385 555 4487 vulgaribus
569 4416 697 4486 suoque
713 4405 868 4488 tempore
888 4392 1021 4464 usitatis.
1071 4395 1146 4468 Nec
1167 4385 1310 4467 dubitari
