2966 4990
589 359 695 444 nnn
717 385 770 450 an.
801 386 854 449 aa.
1231 388 1293 452 rar

149 577 201 633 se;
227 573 336 642 neque
360 554 432 622 ullo
456 555 599 626 artilicio
623 553 712 626 haec
737 558 898 627 sententia
919 577 959 626 ex
981 557 1051 626 eius
1067 555 1218 644 oratione
1231 580 1289 626 ex-

146 657 298 747 torqueri
318 659 451 748 polerit.
504 660 604 744 Quae
625 657 791 748 quumpita
806 660 878 745 sint,
900 682 1025 748 neque,
1052 680 1288 748 quamcunque

146 759 255 828 inieris
272 761 451 842 rationem,
479 761 524 830 ad
538 785 610 830 rem
632 761 880 852 expediendam
899 763 1082 854 quicquam
1105 762 1287 843 efficiatum

146 864 303 952 equidem
325 885 393 931 non
419 863 558 950 dubito,
593 865 674 954 quin
693 866 789 934 locus
808 865 1015 934 Placitorum
1037 873 1213 955 corruptus
1236 865 1285 934 sit.

144 965 295 1034 Maxima
317 976 429 1036 autem
451 967 633 1036 difficultas
659 968 694 1035 in
719 989 762 1036 eo
790 969 900 1058 posita
923 993 995 1038 esse
1014 968 1164 1052 videtur,
1191 967 1287 1056 quod

143 1068 178 1136 in
198 1069 418 1146 meridianam
433 1080 567 1161 partem
590 1071 733 1140 muudus
753 1070 926 1142 inclinatus
948 1095 1019 1141 esse
1031 1071 1170 1152 «linitum
1196 1070 1285 1138 umla

143 1172 302 1242 mendam
334 1175 444 1242 verbis
472 1177 520 1256 εἰς
547 1165 593 1247 οὒ
622 1167 875 1269 μεσημβρινόο
905 1171 1024 1246 αὐτοῦ
1047 1174 1155 1270 μέρος
1179 1173 1284 1242 inesse

143 1275 314 1364 suspicor„
362 1275 504 1344 Videtur
517 1286 629 1344 autem
642 1277 676 1344 in
698 1275 737 1346 iis
757 1276 862 1346 latere
883 1276 1029 1366 aliquid,
1063 1299 1132 1364 quo
1153 1274 1284 1344 boreae

141 1379 267 1444 mentio
294 1378 407 1466 aliqua
432 1379 509 1468 liat,
542 1377 634 1448 velut
667 1379 715 1458 εἰς
740 1370 787 1448 aar*
821 1373 1137 1470 προοβόρειον
1164 1377 1282 1448 αὐτοῦ
1352 1379 1357 1388 ’

139 1480 250 1571 μέρος
274 1479 329 1546 vel
356 1483 404 1558 sic
430 1473 475 1550 ro
501 1471 823 1569 μοσοβόρειον
849 1507 884 1547 α.
908 1505 947 1570 μ.
976 1478 1032 1544 rel
1054 1478 1151 1546 aliud
1182 1477 1280 1546 deni-

141 1601 207 1667 que
229 1578 313 1647 huic
333 1579 449 1646 simile.
501 1579 702 1667 Quanquam
724 1579 791 1644 ianr
813 1589 962 1648 veterum
988 1589 1143 1670 tempore
1164 1579 1279 1671 vitium

139 1681 173 1752 iu
205 1681 297 1750 hunc
324 1682 438 1748 locum
465 1680 634 1772 irrepsisse
663 1681 845 1771 probabile
869 1696 934 1764 est,
969 1682 1153 1770 siquidem
1187 1682 1290 1754 idem.

140 1783 233 1875 apud
257 1784 442 1854 Stobaeunr
460 1784 558 1852 etiam
582 1794 615 1851 et
635 1783 804 1853 Galeuum
824 1784 955 1876 legitur.
984 1784 1036 1875 (ΙΙ.
1056 1807 1085 1854 ο.
1099 1784 1149 1852 Ἡ
1167 1784 1277 1875 laud.)

138 1885 211 1956 Sed
236 1897 309 1955 utut
332 1911 385 1954 res
408 1895 475 1974 est,
501 1887 526 1954 si
541 1895 688 1955 nostram
708 1885 902 1972 senteutiam
926 1888 1142 1977 probaveris,
1165 1890 1277 1955 omnia

138 1989 215 2059 luce
230 1988 304 2080 ipsa
318 1990 461 2060 clariora
476 1998 566 2057 sont:
592 1990 726 2070 coelum
745 2010 823 2056 oum
844 1990 933 2074 sole,
957 1991 1052 2067 lona,
1077 1990 1191 2073 stellis,
1208 2012 1275 2059 uno

136 2093 260 2175 verbo,
289 2092 439 2160 universa
459 2091 613 2182 superior
632 2091 749 2160 nrundi
772 2115 850 2182 pars
876 2091 920 2158 ad
943 2092 1096 2159 boreales
1120 2092 1276 2182 regiones

136 2193 293 2262 inclinata
316 2205 381 2278 esl3
407 2218 475 2282 quo
497 2196 588 2264 lacto
612 2195 711 2284 polus
733 2195 875 2263 arcticus
895 2217 962 2261 non
977 2194 1121 2284 amplius
1136 2195 1169 2262 in
1183 2219 1274 2264 sum-

136 2320 192 2363 mo
209 2298 295 2365 coeli
314 2297 458 2366 culmine
481 2298 681 2387 conspicuus
703 2307 768 2381 est,
794 2295 855 2363 sed
881 2299 990 2384 magis
1009 2296 1052 2364 ad
1075 2299 1276 2384 septentrio--

135 2423 210 2468 nem
235 2423 421 2470 conversus.
474 2399 572 2468 Haec
584 2412 696 2466 autem
714 2407 764 2462 est
788 2417 864 2462 mea
881 2395 1122 2482 qualiscunque
1143 2406 1281 2468 senam

134 2502 197 2584 tia,
229 2525 331 2588 quam
353 2513 484 2585 tamen,
518 2501 638 2587 siquis
661 2497 803 2566 meliora
829 2495 1000 2582 docuerit,
1033 2498 1192 2584 libenter,
1218 2485 1282 2568 ilta'

133 2603 324 2694 amplexus,
350 2602 488 2670 mittam.

235 2772 321 2864 Cap.
347 2769 409 2839 Π.
461 2771 533 2840 Iam
555 2792 636 2839 vero
661 2771 687 2838 si
711 2769 745 2837 in
768 2791 902 2840 causam
925 2770 1089 2860 inquiras,
1121 2791 1188 2859 qua
1208 2769 1274 2838 im-

132 2875 282 2965 pellente
309 2875 485 2958 acciderit,
513 2874 714 2943 otmundus
740 2873 968 2959 inclinaretur,
995 2873 1031 2940 id
1052 2873 1179 2941 lactum
1203 2897 1273 2941 esse

132 2979 178 3045 ait
206 2979 412 3046 Placitorum
440 2977 583 3068 scriptor
618 2981 660 3049 ἐκ
694 2974 778 3049 τοῦ
814 2971 1110 3070 αὐτομάτου,
1150 2985 1274 3069 sponte

130 3081 151 3148 i.
169 3105 197 3148 e.
215 3082 310 3149 nullo
324 3083 392 3150 ictu
405 3081 452 3148 rei
467 3080 638 3172 cuiusdam
655 3087 745 3147 extra
760 3101 836 3146 eum
850 3080 981 3168 positae
996 3077 1176 3168 impulsum
1192 3097 1276 3164 esse‚‘

131 3183 192 3250 sed
209 3195 327 3274 suapte
341 3184 524 3274 gravitate,
550 3192 672 3273 suopte
685 3179 849 3271 pondere.
901 3181 1005 3248 Polus
1024 3181 1112 3248 enirn
1130 3181 1273 3249 arcticus

129 3308 234 3374 quum
247 3310 315 3354 non
336 3280 443 3354 solum
461 3287 589 3379 maiore
606 3307 625 3350 a
640 3283 712 3351 so'le
729 3282 867 3349 distaret
885 3283 1011 3373 spatio,
1037 3305 1140 3370 quam
1155 3291 1192 3350 ut
1214 3304 1273 3350 ea-

130 3389 209 3457 dem
225 3391 273 3477 vi,
299 3390 418 3478 quain
440 3387 551 3456 medio
570 3387 688 3468 coelo,
714 3384 765 3450 sol
786 3386 946 3452 irruentes
968 3385 1003 3450 in
1023 3385 1085 3452 ista
1107 3387 1186 3452 loca
1211 3407 1271 3451 va-

129 3514 230 3582 pores
253 3501 311 3560 aut
336 3491 505 3582 repellere
539 3501 596 3557 ant
620 3488 801 3558 dissolvere
831 3490 974 3566 valeret;
1015 3487 1074 3554 sed
1109 3509 1272 3554 summanr

129 3596 229 3662 etiarn
255 3619 297 3663 eo
321 3604 478 3685 tempore
509 3592 649 3660 universi
673 3589 788 3658 mundi
812 3588 977 3658 obtineret
1002 3589 1136 3674 sedem,
1170 3611 1271 3680 aluam

127 3706 244 3763 natura
263 3720 322 3765 soa
347 3696 588 3766 adscendentes
619 3717 660 3761 ex
679 3693 891 3760 inferioribus
913 3691 1107 3782 regionibus
1129 3714 1272 3783 vapores

127 3799 314 3889 praecipue
346 3801 581 3888 capessebant:
613 3799 785 3887 ingentem
814 3795 931 3886 frigidi
962 3790 1160 3881 lrumidique
1188 3795 1272 3860 aeris

127 3899 194 3967 vim
219 3905 308 3969 circa
330 3901 451 3992 polam
472 3901 651 3968 collectam
677 3909 710 3966 et
729 3899 822 3987 quasi
843 3897 1064 3986 constipatam
1087 3898 1186 3963 fuisse
1209 3893 1274 3986 ap·'

126 4013 244 4096 paret,
271 4003 363 4075 cuius
377 4013 511 4071 nutante
528 4000 682 4093 pondere
705 4001 874 4088 mediique
893 3999 981 4071 coeli
1002 3999 1218 4076 subtilitatem
1233 4021 1273 4067 ac

126 4107 298 4176 levitatem
327 4108 432 4198 louge
454 4113 651 4195 superante,
686 4105 870 4172 necessario
899 4105 1055 4170 deorsum
1087 4102 1269 4169 inclinaba-

126 4219 190 4278 tur.
242 4213 295 4281 Ac
312 4234 354 4278 ne
372 4209 445 4299 quis
464 4208 572 4290 dicat,
598 4208 671 4296 poli
696 4209 869 4275 antarctici
889 4205 1137 4293 aequilibritate
1153 4205 1273 4295 polum

130 4315 307 4397 arcticum,
333 4335 403 4402 quo
427 4312 533 4380 minus
549 4311 707 4380 deorsum
734 4311 895 4397 ferretur,
928 4305 1127 4397 impeditum
1155 4309 1274 4376 luisse:

986 4423 1045 4492 9*
