2942 4996
187 419 220 472 n
402 467 409 487 ,
488 403 968 470 ‘enarratum

189 583 324 652 vinculo
347 581 542 662 camarata,
570 577 784 650 communem
805 601 883 648 sane
904 589 939 650 et
955 582 1100 648 nmaime
1112 581 1336 648 nummariam
1459 635 1460 688 ,

189 715 290 788 totius
314 715 561 810 philosophiae
590 717 724 796 lonicae
749 728 882 808 partem
907 715 1077 801 continet,
1105 727 1142 784 ut
1160 741 1338 806 quaeeun-

123 825 125 828 Ι
190 879 258 945 que
277 855 323 924 de
342 855 418 923 hac
444 853 732 947 philosophorum
759 853 888 926 sophia
905 853 1094 937 enarratio,
1126 855 1161 922 in
1188 877 1256 943 qua
1282 829 1339 924 aut

192 995 384 1084 neglectum
423 1003 482 1060 ant
516 991 787 1082 praetermissum
815 989 930 1063 videas
959 989 1169 1081 Diogenem,
1218 1015 1338 1062 manca

192 1129 360 1200 censenda
382 1131 484 1196 sitae
505 1125 633 1199 mutila.
692 1157 693 1160 ¹

296 1333 429 1418 Quare,
471 1355 575 1421 quum
596 1335 768 1432 plerique,
800 1332 858 1419 qui
887 1331 921 1399 in
940 1331 1078 1434 historia
1098 1332 1339 1426 philosophiae

194 1431 436 1559 perscribenda
451 1441 683 1553 versabantur,
703 1478 761 1535 aut
778 1468 881 1557 plane
904 1449 1118 1562 negligerent
1137 1449 1339 1560 Diogenem,

195 1616 270 1694 aut,
292 1583 397 1694 quum
423 1616 501 1697 post
523 1609 746 1698 Anaxagorae
772 1614 928 1695 tempora
950 1630 1027 1675 eum
1052 1577 1153 1674 fuisse
1173 1618 1340 1696 putarent,

194 1766 262 1810 rron
291 1742 374 1809 tanti
417 1743 486 1812 eius
517 1743 703 1814 doctrinam
733 1743 958 1827 aestimarent,
994 1743 1107 1830 quanti
1136 1754 1221 1810 esset
1242 1731 1335 1812 aesti-

195 1879 329 1962 manda,
347 1879 374 1946 si
390 1880 528 1966 quidem
545 1903 620 1947 sero
635 1879 714 1971 ipsis
731 1879 845 1946 venire
861 1877 1052 1946 videbatur:
1073 1865 1167 1945 haud
1182 1881 1341 1973 exiguum

196 2014 357 2107 prolecto
379 2011 703 2098 Schleiermacheri,
734 2013 795 2081 viri
814 2013 943 2099 eximii,
974 2014 1008 2080 in
1032 2013 1207 2112 historiam
1223 2017 1342 2108 philo·
1409 2029 1411 2037 '

197 2119 341 2243 sophiae
365 2151 522 2219 meritum
550 2159 619 2236 est,
650 2151 743 2240 quod
772 2150 899 2241 primus
923 2150 982 2218 ille
1012 2115 1203 2221 nostrorum
1233 2117 1343 2224 studia
1407 2232 1410 2239 ,

196 2289 231 2355 in
251 2287 443 2380 Diogenem
468 2287 577 2382 magis
601 2289 781 2372 convertit,
808 2286 1057 2376 sententiaeque
1078 2291 1121 2356 ab
1143 2314 1185 2358 eo
1203 2294 1342 2388 excogi-

197 2405 287 2512 tatae
307 2401 443 2518 pondus
466 2433 499 2493 et
518 2399 728 2495 rnamentum
750 2424 889 2514 clarius,
915 2447 1018 2513 quam
1038 2451 1058 2492 a
1080 2427 1247 2517 prioribus
1260 2415 1342 2498 'om-

198 2561 295 2628 nibus
320 2561 449 2632 factum
479 2571 568 2649 erat,
602 2561 850 2632 demonstravit.
912 2564 1075 2630 'Attamen
1095 2587 1163 2631 non
1182 2562 1252 2635 hoc
1272 2580 1343 2658 erat

198 2698 259 2765 viri
281 2699 402 2766 summi
428 2700 618 2788 consilium,
645 2709 698 2786 ut,
729 2723 818 2789 quae
845 2698 891 2766 de
917 2698 1076 2790 Diogene
1106 2701 1175 2770 dici
1195 2716 1343 2796 possent,
1457 2745 1458 2748 π

199 2834 391 2903 exhauriret
408 2837 542 2916 omnia3
567 2860 677 2925 neque
693 2836 831 2923 Ritleri,
854 2837 917 2904 viri
938 2836 1129 2922 clarissimi,
1150 2840 1209 2928 qui
1223 2852 1344 2932 postea

198 2973 234 3064 in
261 2968 381 3038 eadem
405 2993 442 3038 re
463 2995 599 3066 ¹magna
623 2977 700 3042 cum
723 2972 824 3053 lande
853 2939 1062 3056 elaboravit,
1098 2977 1269 3067 expositio
1297 2978 1343 3045 ita

199 3115 396 3201 comparata
418 3098 485 3192 est,
506 3118 544 3176 ut
563 3118 668 3177 totam
695 3133 766 3178 rem
791 3110 965 3193 conficiat,
994 3109 1054 3176 sed
1077 3133 1137 3192 ea,
1164 3134 1251 3198 quae
1272 3115 1344 3181 lar-

197 3266 281 3340 gam
305 3244 404 3342 etiam
428 3244 500 3312 aliis
525 3245 570 3313 ale
594 3245 750 3339 Diogene
772 3246 954 3317 disserendi
975 3225 1149 3314 materiam
1169 3247 1343 3338 relinquat

304 3447 403 3532 Quae
421 3471 526 3541 quum
550 3451 597 3518 ita
618 3452 701 3537 sint,
735 3453 790 3519 vix
816 3451 1029 3522 excusatione
1052 3451 1137 3522 mihi
1158 3476 1245 3546 opus
1275 3480 1345 3526 esse

200 3581 349 3668 videtur,
379 3587 474 3674 quod
494 3587 615 3655 iterum
648 3588 715 3656 iam
743 3588 884 3658 eandem
912 3589 1003 3660 hanc
1037 3614 1110 3659 rem
1136 3593 1345 3661 tractandam

189 3713 406 3812 'susceperim
431 3721 503 3794 hoc
523 3712 659 3812 libello,
695 3725 821 3814 inquo
850 3727 980 3812 omnia,
1012 3751 1101 3817 quae
1123 3728 1168 3796 ‹le
1190 3730 1346 3822 Diogene

201 3859 420 3950 Apolloniate
434 3861 541 3930 relata
559 3863 762 3954 reperirem,
789 3864 934 3955 collegi,
959 3864 1108 3956 disposui
1130 3875 1164 3933 et
1180 3890 1245 3959 pro
1266 3869 1347 3935 riri-
1386 3836 1392 3844 Ι
1459 3845 1460 3928 l

201 3997 264 4065 bus
286 3997 368 4066 meis
394 3988 566 4073 illustravi.
625 4001 713 4068 Ante
733 4002 847 4066 omnia
877 4011 989 4070 autem
1011 4002 1182 4093 agendum
1212 4016 1284 4074 erat
1302 4007 1347 4074 ale
1459 4003 1460 4034 ¹

202 4144 311 4204 aetate
335 4135 507 4228 Diogenis*
534 4138 719 4206 accuratius
752 4135 944 4204 delinienda
976 4148 1010 4205 et
1036 4137 1082 4206 de
1104 4139 1200 4208 lilarie'
1229 4144 1273 4208 alr
1304 4166 1346 4209 eo

203 4271 342 4361 scriptis.
393 4272 556 4360 Quamvis
581 4284 694 4343 autem
713 4272 802 4342 haec
823 4275 891 4341 iam
911 4285 988 4344 ante
1003 4275 1073 4386 hos¹
1084 4278 1232 4367 quinque
1244 4301 1346 4348 annos
