2942 4996
113 1417 218 1552 cap.
245 1458 280 1531 l.
331 1459 534 1556 Diogenes,
569 1463 867 1558 Apollothemidie
898 1435 1005 1550 iilius,
1050 1465 1266 1559 Apollonio,

110 1563 342 1633 florentissimo
370 1565 493 1635 Cretae
524 1566 651 1642 insulae
682 1570 815 1662 oppido
831 1565 879 1661 1),
913 1567 1096 1652 oriundus,
1123 1569 1163 1636 iis
1198 1567 1262 1635 ad·
1292 1582 1295 1587 “

109 1673 302 1735 numeratur
332 1668 566 1760 philosophis,
599 1692 684 1758 quos
717 1666 888 1765 ovoruoric
911 1670 1045 1738 'Graeci
1061 1727 1064 1758 :
1078 1669 1262 1759 appellant.

109 1767 231 1856 ltaque
255 1791 360 1857 quum
385 1772 586 1859 pierumque
603 1771 705 1859 ,apud
731 1771 859 1838 'veteres
884 1771 1067 1860 scriptores,
1089 1780 1146 1838 aut
1165 1771 1264 1862 phy-

110 1870 178 1938 sici
203 1877 261 1936 cut
276 1869 531 1961 Apolloniatae
556 1871 759 1962 cognomine
784 1872 988 1962 insigniatur,
1016 1874 1155 1961 eiusque
1179 1871 1263 1964 phi-

110 1969 272 2062 losophia
297 1972 343 2039 ita
369 1980 565 2062 comparato
590 1973 648 2056 sit,
674 1983 725 2057 ut,
752 1974 944 2062 ubicunque
969 1974 1007 2040 in·
1028 1996 1144 2042 eorum
1172 1975 1263 2043 tibris

111 2073 285 2158 laudetur,
312 2095 333 2141 a
357 2073 494 2162 reliquis
520 2076 689 2159 omnibus,
716 2077 774 2164 qui
798 2076 869 2146 hoc
894 2076 993 2144 idem'
1012 2075 1174 2168 Diogenis
1198 2073 1269 2152 no'-¹

112 2199 189 2244 men
217 2184 373 2268 gerentes
399 2178 434 2245 in
458 2175 677 2268 philosophis
704 2178 830 2246 famam
863 2179 1005 2247 assecuti
1030 2190 1120 2263 suut,
1162 2175 1264 2249 etiam

7 2309 10 2316 ·
112 2279 207 2346 nullo
233 2278 351 2346 addito
377 2280 598 2370 cognomine,
623 2279 726 2350 facile
751 2280 986 2372 dignoscatur:
1011 2281 1153 2372 longum
1179 2301 1265 2372 pro·-

113 2380 207 2452 fecto
234 2390 292 2467 est,
317 2383 476 2470 reliquos,
501 2383 560 2472 qui
585 2383 648 2450 sub
674 2382 797 2452 codem
823 2385 960 2452 nomine
985 2384 1179 2465 obveniunt,
1206 2383 1265 2450 hic

108 2506 323 2574 ¹percensere.
373 2484 487 2554 Adeat
511 2485 716 2575 Diogenem
732 2485 915 2552 baernum
941 2485 1001 2568 Vl,
1027 2482 1089 2565 81,
1117 2482 1175 2570 qui
1196 2482 1266 2549 ho-

113 2607 188 2672 rum
213 2609 388 2656 recensum
414 2586 600 2668 desideret,
632 2587 747 2673 ibique
771 2586 988 2676 Menogium
1013 2582 1183 2673 12:25&
1220 2628 1227 2640 -

154 2741 156 2748 .
217 2688 303 2780 Gap.
330 2687 364 2757 2.
399 2688 453 2756 De
479 2698 589 2756 aetate
614 2696 737 2768 autem,
763 2709 831 2773 qua
856 2686 957 2753 fuerit
968 2685 1138 2775 Diogenes
1152 2686 1266 2775 Apol-

112 2791 270 2882 loniates,
295 2790 330 2857 in
354 2797 456 2872 tanta,
483 2812 571 2876 quae
597 2796 646 2854 est
670 2787 704 2854 iu
730 2788 797 2856 hoc
821 2793 870 2872 r'e,
896 2788 1157 2856 testimoniorum
1178 2809 1268 2878 pau-

115 2893 216 2962 citate
254 2891 337 2961 certi
370 2890 454 2979 quid
489 2898 633 2957 statuere
674 2889 919 2965 difficiliimuin'
947 2898 1012 2975 est,
1052 2913 1115 2982 nec
1148 2890 1267 2979 quaeri

112 3015 218 3086 posse
242 2990 391 3075 ridetur,
417 3014 486 3082 quo
511 3013 599 3061 auno
624 3001 720 3074 natus
746 3015 860 3082 quove
885 2997 1035 3062 mortuus
1061 2993 1119 3072 sit3
1143 2993 1204 3082 sed
1229 2991 1267 3060 id

113 3104 244 3185 tantum
271 3094 458 3185 agendum,
485 3096 581 3184 utin
606 3094 795 3163 universum
822 3105 955 3187 tempus
982 3096 1170 3184 definiatur,
1196 3117 1266 3183 quo

113 3197 248 3286 vixerit,
284 3205 421 3268 etcum
455 3207 565 3268 aetate
597 3218 713 3265 eorum
746 3195 1037 3292 philosophorum
1063 3199 1267 3289 conferatur,

116 3301 174 3390 qui
199 3308 353 3391 tempore
379 3301 411 3368 ei
439 3299 585 3391 proximi
610 3305 777 3388 putantur.
828 3299 879 3368 Ut
903 3323 985 3368 vero
1012 3302 1054 3369 ab
1081 3322 1122 3368 eo
1149 3300 1268 3388 dispu-

115 3404 198 3472 tatio
234 3403 404 3486 ordiatur,
447 3401 542 3489 quod
574 3401 608 3466 in
642 3401 710 3468 hac
729 3399 779 3469 ¹re
811 3395 1027 3468 certissimum
1062 3408 1129 3484 est,
1173 3399 1267 3488 apud

116 3505 311 3584 Stodaeum
332 3499 368 3599 ²)
402 3503 541 3594 quidem
573 3501 747 3596 Diogenes
768 3510 915 3593 ¹practer
946 3501 1077 3583 stellas,
1118 3503 1202 3590 quas
1232 3479 1274 3568 in'

186 3845 219 3914 1)
236 3847 349 3916 Diogen.
370 3842 461 3896 Ιιοὸή.
478 3840 530 3906 IX,
554 3837 599 3896 di.
622 3837 742 3891 Dodonia
765 3835 864 3891 utone
887 3850 910 3888 ο.
928 3849 956 3889 r.
979 3831 1058 3905 Diog.
1081 3833 1174 3906 phyu',
1199 3839 1274 3904 qnae

118 3913 211 3966 cadem
234 3915 329 3968 habeti
364 3909 516 3980 Διογένης,
547 3905 795 3975 Ἀπολλοθέμιδος,
819 3899 1042 3973 Ἀπολλωνιάτης.
1077 3906 1119 3956 Gt.
1136 3901 1267 3970 quamvarl

116 3981 199 4051 mog.
215 3981 303 4034 taert.
320 3983 339 4035 1.
356 3983 374 4034 Ι.
393 3981 458 4034 citat
478 3979 628 4047 menagius,
645 3975 807 4044 Stephanum
824 3974 1000 4062 Byzantiorum
1017 3974 1043 4026 d.
1056 3971 1150 4025 Urbib.
1163 3965 1266 4042 pclw.

117 4052 160 4104 od.
178 4050 289 4102 Berkel=
307 4045 414 4118 εἰκοστὴ
432 4047 529 4115 τρίτη,
554 4044 682 4114 Κρήτης,
708 4039 831 4112 ἦποὶὶαι
853 4040 1016 4109 Eudorus,
1034 4043 1141 4096 Kitron
1158 4037 1278 4118 omri-te,

116 4116 164 4175 Ἐκ
188 4110 327 4183 cutmen·
354 4111 473 4182 φυσικὸς
496 4114 640 4184 Διογένης.
675 4113 733 4166 sna
749 4115 816 4166 hoec
831 4110 971 4178 Apollonia
987 4116 1044 4162 erat
1061 4109 1094 4162 ad
1111 4111 1268 4176 reptentrro·

117 4189 207 4242 utun
223 4187 423 4306 cretaelorlulm,
440 4185 530 4306 ugano
544 4183 649 4238 flumini
666 4181 749 4237 Oaxo.
776 4181 835 4236 vid.
852 4179 963 4235 Siedm’r
979 4177 1060 4231 Reirc
1075 4175 1145 4228 noch
1162 4174 1208 4227 dor
1222 4174 1274 4227 Iri-¹

117 4258 158 4312 su
173 4257 265 4312 um.
282 4255 341 4307 vo.
385 4270 437 4320 ,μ
508 4289 516 4306 .
1266 4273 1268 4282 ,

187 4358 219 4428 a)
236 4357 342 4411 onae
358 4355 415 4408 eo.
432 4353 509 4421 pays.
526 4354 555 4436 1,
570 4351 615 4420 as,
631 4353 658 4418 ι,
676 4370 703 4422 p.
719 4351 773 4408 sos
790 4351 831 4408 «ι
851 4351 970 4412 noea,
987 4359 1067 4424 quen
1082 4341 1152 4425 yios
1180 4324 1266 4434 ruet

118 4420 814 4492 orn.om=oeamntp.tosr.syoorg.
1011 4439 1058 4559 1-
