2966 4976
195 399 240 462 oo
673 387 775 460 cti·
797 389 849 464 ti·

195 560 355 646 habilius,
381 557 543 650 Diogenis
564 555 668 628 rerba
689 559 733 626 ah
753 557 812 647 iis,
837 558 896 647 oui
911 559 1155 650 erumpebant,
1180 559 1343 639 nonsatis

199 665 368 735 intellecta
384 671 467 732 sunt.
521 659 609 729 Nam
630 660 726 750 quud
748 659 838 738 hanc
858 663 1038 731 lectionem
1062 662 1249 732 defendere
1268 661 1344 750 quis
1470 661 1472 694 ι

162 753 169 770 ’
198 767 302 858 possit
326 785 384 848 ec,
416 762 510 851 quod
533 761 642 843 dicat,
674 763 796 833 falsum
821 785 933 832 rerum
961 787 1093 833 sensum
1124 763 1271 850 habere,
1305 785 1344 832 re

197 870 288 937 idern
302 889 388 946 eme,
415 887 456 948 oc
474 865 603 937 nullum
621 865 766 947 habere,
793 866 882 937 uude
901 875 993 938 recte
1015 867 1172 944 animalia
1190 867 1345 936 dicantur
1394 903 1407 928 .

196 963 288 1063 μήτε
312 972 543 1042 διανοεῖσθαι
566 960 660 1060 μήτε
685 961 956 1058 αἰσθάνεσθαι,
984 968 1044 1036 sed
1066 969 1216 1057 quadarn
1236 967 1344 1038 modo

121 1133 126 1150 ,
198 1074 296 1141 etiarn
317 1073 546 1142 ὃιαιοιῑσθαι
563 1081 596 1136 et
610 1064 879 1144 ar'cudvscucr:
906 1094 966 1141 eac
980 1073 1132 1162 argutiae
1146 1081 1230 1156 sunt,
1256 1093 1346 1158 quae

197 1175 230 1240 in
245 1183 313 1248 tam
330 1173 467 1258 antiquo
483 1170 694 1261 philosopho
708 1193 819 1258 ecque
835 1195 902 1239 uun
919 1173 1119 1259 dialectico,
1145 1171 1346 1263 sedplrysi·

198 1295 259 1356 cc,
284 1275 339 1342 vix
357 1273 472 1346 lucum
487 1273 624 1342 habent.
678 1272 835 1348 Fortasse
855 1275 977 1342 excidit
997 1297 1063 1343 vox
1081 1271 1201 1367 ὀρθῶς
1222 1283 1280 1342 ιιι
1298 1273 1344 1340 si-

198 1378 286 1446 milis
300 1375 486 1464 quaedam,
512 1375 740 1465 scriptumque
755 1383 843 1442 crat:
869 1371 989 1467 ὀρθῶς
1002 1369 1097 1470 μήτε
1112 1379 1346 1454 διανοεῖσθαι

201 1472 295 1573 μήτε
314 1469 573 1555 m’ccurrcuur.
607 1475 724 1566 Magis
742 1486 854 1544 tamen
870 1477 993 1547 arridet
1008 1477 1088 1545 hcc.
1123 1475 1349 1544 Commemo-

200 1591 310 1648 ratum
325 1601 427 1669 sopra
443 1588 508 1662 est,
535 1578 741 1654 Placitcrum
762 1578 893 1660 locum,
920 1578 1052 1665 dequo
1071 1579 1221 1667 agimus,
1248 1601 1268 1644 e
1291 1577 1348 1644 di·

201 1682 303 1750 versis
322 1683 448 1770 iisque,
473 1690 510 1748 ut
528 1679 678 1765 videtur,
704 1680 910 1771 plenioribus
929 1681 1040 1748 clim
1031 1703 1066 1748 ιιι
1080 1679 1243 1770 Diogenis
1256 1679 1348 1748 libro
1425 1737 1432 1752 .

202 1785 287 1854 lucis
303 1784 528 1874 compositura
550 1783 674 1852 videri:
703 1783 819 1870 quain
835 1805 877 1850 re
894 1805 996 1870 quam
1012 1782 1226 1872 negligenter
1240 1791 1273 1851 ct
1293 1781 1348 1848 in-

202 1887 331 1962 curioso
351 1895 498 1960 versatus
516 1886 617 1962 luerit
632 1893 688 1957 aut
701 1887 773 1975 ipsc
789 1883 995 1954 Placitcrum
1009 1887 1163 1976 scriptor,
1180 1893 1237 1952 aut
1252 1885 1348 1966 aliur,
1474 1924 1475 1948 ι

202 2011 223 2056 a
239 2009 307 2075 quc
319 1987 378 2058 ille
393 2011 452 2060 sua
461 1987 657 2076 desumpsit,
683 1987 814 2075 liquido
826 1996 997 2078 apparete
1011 1986 1264 2078 comparatione
1278 1986 1350 2054 hu-

201 2091 252 2164 ius
272 2088 342 2158 toci
363 2111 440 2159 cunr
459 2098 609 2161 extremo
626 2090 668 2157 lr.
683 2091 733 2160 Vl
753 2112 855 2182 supra
867 2090 1023 2158 instituta.
1062 2090 1123 2158 Sic
1142 2098 1254 2164 autern
1274 2088 1350 2156 fieri

201 2193 329 2284 potuit,
356 2191 383 2259 si
406 2191 599 2282 Diogenem
620 2192 665 2260 de
685 2193 784 2262 variis
808 2192 1001 2270 animalium
1024 2191 1205 2282 generibus
1231 2191 1349 2282 egisse,
1427 2233 1435 2252 x

203 2295 337 2383 aliaque
365 2297 595 2372 διανοεῖσθαι
618 2295 640 2362 i.
667 2291 700 2364 e.⁵
728 2294 857 2366 ratione
882 2294 932 2363 uti
945 2316 1099 2385 xnegasse
1121 2316 1249 2386 ponas,
1281 2293 1352 2360 alia

204 2398 305 2468 etiam
326 2388 598 2475 accederem,
624 2403 662 2464 ut
679 2419 735 2480 ea,
760 2419 848 2485 quae
873 2397 1013 2488 proprie
1037 2397 1083 2464 de
1106 2396 1243 2464 diversis
1258 2395 1352 2466 dicte

206 2509 331 2584 essent,
357 2499 524 2570 inunum
546 2499 767 2596 coniungeret
792 2509 909 2576 auctor
929 2499 1029 2571 huius
1048 2499 1119 2568 luci
1142 2495 1185 2589 ¹).
1236 2499 1352 2583 Quam

205 2602 400 2672 senteutiam
420 2602 528 2678 rniuus
548 2601 732 2685 miraberis,
757 2612 830 2671 turn
846 2603 872 2672 si
885 2602 1118 2678 incredibilem
1133 2601 1351 2684 oscitantiam,

206 2728 275 2793 qua
308 2705 449 2774 seriores
471 2705 549 2772 istos
571 2704 749 2795 scriptores
781 2706 904 2796 passim
938 2705 972 2772 in
998 2704 1091 2772 libris
1112 2705 1177 2771 suis
1206 2725 1353 2793 cumpu-

205 2807 324 2876 uendis
343 2816 489 2880 versatus
512 2829 581 2874 esse
596 2807 764 2890 videmus,
790 2809 903 2878 auimo
922 2806 1139 2898 reputaveris,
1152 2817 1225 2876 tum
1240 2808 1353 2896 ipsum

208 2907 296 2980 adeo
320 2907 535 2974 Aristotelem
557 2905 675 2973 itidem
700 2910 766 2974 alia
793 2909 985 2982 animalium
1014 2931 1141 3001 genera
1167 2903 1353 3004 αἰσθήσει,

207 3007 274 3077 alia
291 3005 437 3102 διανοίᾳ
458 3006 616 3074 destitute
639 3007 819 3077 credidisse
841 3011 1040 3081 meminerist
1092 3010 1163 3080 Sed
1192 3020 1266 3079 utut
1287 3022 1354 3078 sta-

207 3109 292 3194 tuis,
317 3108 408 3177 umni
422 3130 516 3176 sensu
537 3117 571 3176 et
589 3110 796 3201 cogitatione
811 3111 967 3179 animalia
984 3136 1003 3180 e
1017 3111 1181 3202 Diogenis
1194 3113 1356 3182 sententia

208 3209 649 3305 privatahaberinequeunt.
671 3214 710 3280 ln
718 3213 857 3306 singuiis
866 3223 977 3283 autern
986 3214 1184 3284 animalibus
1194 3237 1354 3308 magnam

209 3339 281 3386 esse
292 3315 479 3384 animorum
488 3314 752 3435 disparilitatem,
767 3317 953 3387 secundum
970 3340 1074 3406 quam
1088 3319 1154 3386 elia
1164 3318 1290 3409 ingenii
1299 3319 1354 3386 ia·

208 3419 389 3510 cultatibus
401 3419 544 3508 propius
558 3418 602 3486 ad
613 3417 758 3495 huminis
772 3422 1007 3513 praestantiam
1017 3420 1190 3503 accedant,
1205 3421 1354 3488 alialcu-

208 3521 284 3641 gius
306 3519 350 3586 ab
369 3543 409 3586 ea
429 3521 608 3611 recedant,
634 3546 775 3612 quume
798 3525 921 3616 fragm.
936 3525 984 3592 Vl
1001 3525 1119 3615 colligi
1140 3529 1267 3612 putes,t
1294 3520 1355 3588 ubi

210 3619 342 3712 ὅμοιοι
365 3622 427 3710 δι’,
460 3623 592 3714 inquit,
618 3626 732 3700 rorico
760 3620 802 3700 rc*
822 3619 964 3724 θιρμόι
987 3620 1134 3708 eddredo
1158 3622 1231 3703 ιιῖι
1259 3615 1355 3711 ζώων

214 3848 416 3858 -n--n--a—o—

281 3989 314 4058 1)
331 3989 372 4042 Gi.
393 3988 497 4042 Arirtct.
515 3988 541 4042 d.
559 3989 631 4044 Part
649 3987 737 4043 duim.
754 3988 814 4056 r,.5
832 3987 931 4059 puts
946 3991 976 4044 c.
993 3991 1036 4048 ed.
1055 3993 1096 4044 Du
1116 3991 1186 4047 Vati.
1204 3987 1239 4047 rci
1256 3987 1288 4046 di
1307 4009 1358 4044 ucr-

213 4055 337 4143 iuriupru
363 4052 519 4126 ὁλιθιύριιι
545 4078 580 4112 κα
563 4058 594 4112 αὶ
618 4059 644 4114 ci
668 4055 823 4142 ιιιιειῖμιιιιι
846 4058 886 4112 ἔτι
909 4057 940 4113 di
967 4061 1014 4116 nui
1038 4058 1119 4129 i‘rrou
1136 4059 1258 4115 τοιαῦτα
1275 4058 1359 4114 ἐι
1324 4079 1358 4143 τῃ

213 4131 256 4180 θα
239 4123 459 4214 uicirrporrpdr
484 4125 612 4196 διαφέρει
635 4125 761 4192 τούτων,
788 4129 828 4198 roi
853 4124 1054 4185 αἰιιιῑὲιιιθιιι.
1090 4123 1333 4214 αἴσθησινγιὶ
1340 4147 1357 4194 ιι

217 4192 409 4282 οὐδεμίαι
436 4195 470 4266 ἔχ
478 4216 517 4252 ιι.
555 4197 595 4250 ld.
612 4199 644 4250 de
660 4197 746 4249 darm
765 4199 796 4264 l,
813 4199 841 4253 i.
866 4203 996 4265 φιιίιιται
1019 4194 1071 4284 peip
1098 4194 1133 4252 rui
1157 4217 1185 4254 re
1204 4189 1357 4280 pectre

216 4283 251 4318 οι
245 4215 418 4351 ’μετέχοντι
436 4268 530 4332 φορᾶς
553 4262 619 4322 οὐδ’
644 4235 819 4338 αἰσθήσεως,
842 4267 902 4324 rui
924 4270 993 4324 rrir
1017 4265 1112 4334 trior
1136 4259 1251 4322 arctici
1274 4256 1359 4316 drui-

217 4351 324 4390 ιιιαιι
342 4331 410 4390 crin
429 4334 528 4406 ἔχειν
544 4343 593 4393 cet.

474 4544 1159 4946 Πιι
