2966 4990
607 359 703 426 GAP.
725 364 779 428 oo.
800 365 854 428 dt).
1248 370 1311 434 lot

159 554 266 623 genes
292 555 408 604 omnes
432 557 486 606 res
510 555 579 602 uuo
605 535 833 640 eodempptre
852 541 1005 608 constare
1024 543 1194 622 statueret,
1210 537 1307 609 'adeo

158 643 198 702 ut
228 637 302 728 ipsa
336 634 454 736 νόησις
486 660 601 706 revera
636 645 734 708 altrea
764 647 798 707 et
822 641 988 731 spirabilis
1014 637 1174 708 habenda
1203 651 1305 712 esset:

155 738 356 808 rationalem
389 750 502 809 tamen
535 751 687 810 naturam
712 766 733 832 a
759 743 876 810 ceteris
907 745 1007 810 rebus
1032 763 1167 833 prorsus
1193 742 1306 810 diver-

156 862 229 907 sam
255 842 361 930 iisque
385 843 535 931 quodam
553 845 660 912 modo
685 844 879 934 oppositam
903 850 1059 936 putasse,
1086 865 1127 910 ex
1152 845 1305 930 omnibus

157 942 270 1012 elucet
293 966 334 1013 ac
359 946 507 1038 singulis.
559 944 610 1014 Ut
634 946 723 1014 enim
748 945 794 1014 ad
818 945 889 1016 hoc
913 971 1016 1016 uuum
1041 967 1244 1036 provocem,
1270 947 1321 1040 iu'⁸

156 1046 378 1114 animantibus
401 1044 599 1116 rationalem
630 1055 742 1116 adrem
773 1069 838 1138 per
861 1051 969 1118 totum
996 1070 1119 1138 corpus
1143 1070 1304 1116 venarum

155 1167 226 1236 ope
260 1147 406 1215 diffundi
441 1153 542 1238 atque
573 1150 620 1218 ita
653 1151 791 1218 demum
825 1173 961 1220 omnem
987 1145 1112 1245 νόησιν
1147 1150 1185 1216 iis
1211 1152 1300 1236 oriri,

153 1269 257 1338 supra
283 1255 582 1320 commemoratum
609 1259 674 1320 est:
707 1253 802 1342 quod
826 1252 978 1344 ineptum
1004 1253 1129 1320 fuisset
1145 1260 1301 1338 statuere

152 1349 179 1416 si
205 1351 354 1438 reliquae
379 1353 479 1421 etiam
504 1353 656 1442 corporis
681 1365 793 1444 partes
817 1365 934 1424 natura
959 1376 1019 1423 sua
1044 1355 1173 1421 ratione
1198 1358 1300 1444 'prae-

151 1449 243 1520 ditae
265 1454 404 1522 fuissent
428 1477 627 1542 sensumque
646 1454 849 1526 habuissent.
881 1456 952 1522 Sed
974 1479 1015 1522 ue
1033 1455 1150 1536 multa,
1176 1457 1299 1541 omnia,

150 1553 199 1619 uti
225 1554 353 1624 dictum
379 1564 445 1639 cst,
484 1577 525 1624 ac
551 1556 781 1646 singulatum
813 1556 847 1620 in
873 1555 1070 1646 fragmentis
1095 1565 1165 1622 turn
1189 1557 1224 1621 iu
1248 1557 1299 1641 iis,

149 1676 239 1740 quae
265 1677 306 1724 ex
332 1654 404 1723 aliis
429 1653 578 1724 fontdtus
603 1656 648 1723 ad
674 1680 735 1724 nos
760 1667 1008 1747 permanarent,
1034 1655 1104 1724 hoc
1122 1657 1213 1724 idem
1231 1656 1297 1724 do·

148 1762 237 1824 cent.
288 1756 406 1839 Quid?
443 1758 538 1845 quod
570 1766 676 1826 totam
711 1759 850 1827 alteram
882 1759 1024 1827 universi
1056 1758 1139 1830 sitris
1165 1766 1297 1848 partem

147 1858 330 1925 animatam
362 1879 404 1927 ac
435 1859 564 1926 ratione
596 1859 786 1950 praeditam
826 1861 989 1930 censuisse
1030 1859 1171 1934 videtur.⁴
1203 1860 1296 1928 ‘lam

146 1980 253 2048 quum
278 1961 419 2051 propria
444 1961 546 2029 animi
571 1963 619 2030 vis
644 1964 678 2030 iu
704 1963 819 2030 calore
844 1963 963 2053 posita
979 1962 1038 2042 si't3
1063 1962 1210 2052 genuina
1236 1983 1295 2030 ce-

145 2070 294 2130 terarum
318 2084 431 2132 rerum
459 2072 577 2132 natura
601 2065 635 2131 in
660 2065 744 2132 adsis
768 2065 898 2154 frigore
922 2066 1115 2137 necessarior
1135 2063 1295 2155 ponenda

146 2174 213 2250 est:
246 2187 316 2252 quo
343 2167 421 2234 satis
447 2164 708 2234 demonstratum
734 2189 805 2235 esse
829 2166 982 2250 videtur,
1021 2166 1165 2257 primas
1199 2167 1294 2236 afris

145 2266 335 2356 qualitates
359 2289 434 2336 esse
459 2268 667 2362 θερμασίαν
698 2276 731 2336 et
756 2261 874 2362 ψύξιν.
927 2269 1062 2336 Eodem
1089 2278 1201 2335 autem
1225 2268 1291 2334 ‹lu-

135 2369 191 2456 ⁸eit
215 2368 416 2438 Aristotelis
440 2369 535 2437 locus
561 2370 613 2459 (da
638 2393 716 2460 gen.
742 2380 777 2438 et
802 2392 887 2438 corr.
913 2369 949 2449 1,
975 2368 1017 2454 6)
1044 2391 1119 2456 cap.
1147 2365 1195 2432 31
1227 2368 1291 2434 ad-

142 2470 301 2560 scriptus,
326 2471 385 2558 qui
409 2472 568 2559 profecto
593 2492 661 2536 non
686 2473 757 2536 sine
783 2490 883 2536 causa
905 2467 1001 2566 dixit:
1029 2467 1107 2537 οἷον
1127 2461 1173 2537 ud
1195 2475 1289 2560 θερ-

141 2564 215 2663 μόν
241 2565 429 2664 ψύχεσθαι
448 2570 507 2640 καὶ
532 2571 646 2641 τοῦτο
674 2567 945 2662 θερμαίνεσθαι
971 2562 1080 2638 πάλιν
1088 2622 1102 2668 ³.
1134 2591 1288 2656 praeser-

142 2673 201 2738 tim
226 2693 331 2759 quum
363 2671 540 2738 infinitivus
563 2673 660 2740 verbi
683 2671 848 2763 Diogenis
873 2671 1068 2739 sententiam
1101 2668 1156 2739 his
1186 2671 1292 2737 etiarn

142 2772 327 2843 continuari
352 2769 528 2842 ostendat*

244 2941 329 3034 Cap.
354 2940 416 3011 60.
469 2941 524 3010 Ex
549 2941 661 3011 calore
686 2935 859 3010 autemst
890 2941 1018 3033 frigore
1043 2947 1176 3008 ceterae
1202 2942 1286 3009 atris

141 3047 327 3134 qualitates,
351 3068 435 3134 quas
462 3045 630 3129 nominat,
646 3045 807 3134 pendent
832 3067 957 3129 omnes,
984 3052 1173 3111 arctatum
1200 3045 1285 3110 inter

140 3171 208 3216 sese
233 3158 305 3217 tum
332 3147 553 3238 cumprimis
582 3147 650 3214 istis
681 3147 896 3235 qualitatibus
928 3145 1168 3215 necessitudine
1202 3167 1284 3212 oon-

138 3249 288 3333 iunctae‚
311 3249 358 3316 ita
382 3258 421 3317 ut
446 3250 516 3318 duo
542 3249 638 3336 quasi
663 3271 780 3317 earum
797 3248 929 3315 ordines
950 3247 1113 3324 oriantur,
1139 3267 1284 3333 quorum

139 3353 223 3420 alter
262 3350 425 3420 calidiore
460 3361 597 3433 natura,
626 3350 723 3437 ¹ulter
763 3348 939 3440 frigidiore
974 3346 1290 3436 comprehenditur..

140 3455 211 3537 Sic,
245 3453 339 3542 quod
367 3454 525 3522 continuo
552 3451 668 3534 affert,
701 3445 894 3546 ξηρότερον
902 3505 916 3538 ,
951 3449 1090 3516 dubium
1123 3471 1190 3516 non
1223 3457 1282 3532 est,

139 3559 217 3644 quin
249 3555 405 3626 calidiori
436 3555 554 3646 generi
581 3552 805 3622 adiiciendum
832 3553 889 3630 slt3
920 3561 1038 3620 contra
1069 3545 1280 3645 ὑγρότερον,

139 3657 314 3748 frigidiori.
365 3658 486 3726 Solent
510 3657 598 3724 enim
626 3663 755 3722 veteres
778 3653 974 3745 physiologi
997 3652 1176 3720 humorem
1203 3673 1281 3722 cum

139 3758 267 3849 frigore
292 3761 505 3830 coniunctum
531 3758 703 3850 cogitare,
728 3757 813 3826 sicut
837 3756 1017 3825 siccitatem
1044 3777 1121 3824 cum
1146 3756 1281 3833 calore;

139 3859 355 3948 humorisque
387 3872 563 3952 praeterea
596 3883 672 3928 cum
704 3856 881 3950 frigidiore
911 3881 1036 3951 genere
1069 3854 1279 3926 necessitudo

139 3962 286 4053 inprimis
325 3962 416 4030 clare
450 3965 595 4032 cernitur
616 3964 650 4029 iu
689 3961 852 4052 Diogenis
883 3962 1043 4030 sententia
1072 3960 1120 4032 ¹de
1162 3956 1279 4023 animis

138 4065 348 4147 animalium,
373 4086 517 4152 quorum
543 4065 742 4133 deteriorem
769 4065 982 4152 humanaque
1000 4061 1191 4127 inferiorem
1217 4081 1279 4124 na-

138 4179 243 4238 turam
270 4189 311 4235 ex
323 4165 477 4235 humoris
504 4166 706 4235 abundantia
723 4167 877 4235 derivare
895 4164 1092 4244 conabatur,
1115 4169 1276 4250 utsupra
1367 4255 1371 4262 ι

139 4273 399 4341 demonstratum
438 4277 503 4336 est:
548 4290 638 4356 quae
668 4291 723 4338 res
751 4275 952 4361 argumento
985 4271 1060 4367 est3
1095 4260 1276 4361 ιὑγρασίαν
