2966 4990
174 386 236 449 1⁰2
614 371 788 442 cume
810 377 864 442 fit).

177 553 316 624 Clarum
339 551 445 645 igitur
469 557 530 639 est,
553 549 747 642 Diogenem
773 548 856 614 ae'ris
881 545 938 616 vel
962 539 1140 619 ’πυκνώσει
1163 545 1220 614 vel
1248 573 1337 640 μοι·

177 651 284 729 νώσει
309 678 363 724 res
386 655 491 723 factas
517 673 588 721 esse
608 652 766 719 statuisse.
1248 658 1251 664 '
1316 671 1320 678 ·

281 757 367 846 Gap.
393 754 454 824 59.
507 753 612 838 Quod
639 775 707 844 quo
730 751 847 818 melius
873 746 1097 839 intelligatur,
1130 747 1335 840 diligentius

183 858 390 949 exploranda
422 865 497 926 sunt
529 879 587 945 ea,
620 879 708 946 quae
732 855 806 945 ipse
831 851 1004 942 Diogenes
1029 851 1074 918 de
1101 851 1184 917 neris
1210 861 1336 921 natura

181 961 366 1053 praedicat.
417 961 471 1028 Ac
495 958 606 1051 primo
632 957 771 1048 quidem
797 962 908 1022 aerem
936 953 1018 1021 dixit
1044 975 1115 1020 esse
1141 948 1327 1046 πολύτρο-

181 1089 252 1135 πον
276 1063 298 1134 i.
326 1086 355 1130 e.
381 1063 475 1130 vario
508 1061 613 1129 modo
640 1058 854 1141 mutabilem,
895 1054 1111 1142 addiditque,
1152 1077 1221 1142 quo
1254 1057 1336 1124 cia-

180 1165 267 1249 rius,
293 1163 377 1252 quid
403 1165 551 1248 diceret,
576 1164 739 1255 aperiret,
765 1160 833 1227 hae
853 1159 927 1248 ipsa
952 1157 1104 1225 mutabili
1129 1165 1246 1225 natura
1270 1183 1336 1228 sua

183 1289 262 1336 esse.
278 1274 351 1335 tum
377 1265 574 1334 calidiorem
600 1275 633 1334 et
658 1263 880 1355 frigidiorem,
906 1270 979 1329 tum
1003 1259 1178 1326 sicciorem
1204 1268 1238 1325 et
1263 1261 1337 1328 hu-

182 1367 374 1452 midiorem,
399 1364 470 1436 tum
494 1367 677 1436 tardiorem
704 1375 738 1433 et
765 1363 950 1435 incitatione
975 1369 1069 1429 motu
1085 1362 1259 1452 agitatum,
1286 1364 1336 1430 ad

183 1493 274 1559 qnae
307 1493 413 1558 quum
438 1469 559 1538 multas
592 1469 671 1537 alias
701 1476 773 1534 tum
802 1465 945 1532 inlinitas
979 1465 1107 1555 saporis
1140 1471 1174 1531 et
1208 1466 1336 1532 coloris

186 1571 351 1641 accedere
376 1564 607 1666 ἑτεροιώσεις.
645 1568 716 1638 Sed
744 1568 895 1658 sepositis
919 1587 1008 1646 nuuc
1033 1566 1172 1655 quidem
1197 1566 1251 1634 iris
1277 1569 1337 1635 ul-

186 1673 292 1757 timis,
329 1713 374 1728 -
410 1673 529 1764 paullo
554 1672 690 1740 inferius
711 1673 827 1738 'antem
852 1659 1085 1753 tractabimus,
1117 1707 1170 1720 -
1201 1668 1235 1736 in
1259 1671 1338 1740 illas

186 1783 316 1844 tautum
337 1775 444 1844 modo
477 1767 697 1871 ἑτεροιώσεις
722 1775 869 1840 animum
895 1779 1137 1854 convertamus,
1162 1793 1246 1858 quas
1270 1795 1339 1840 no-

187 1877 336 1946 minatim
372 1879 548 1969 Diogenes
577 1877 765 1968 proposuit.
816 1875 855 1942 In
889 1874 1009 1962 quibus
1035 1873 1186 1940 omnium
1214 1875 1338 1944 claris-

190 1978 273 2046 sime
298 1980 445 2048 cemitnr
469 1979 558 2062 hoc,
585 1979 732 2046 diversas
759 1999 853 2063 eum,
878 1995 961 2064 quas
987 1981 1044 2042 aiir
1067 1975 1196 2060 induat,
1222 1977 1338 2048 dicere

189 2078 384 2170 qualitates
405 2080 497 2147 iuter
527 2101 604 2147 sese
630 2076 829 2147 contrarias
855 2085 962 2168 utque
987 2077 1168 2170 oppositas
1201 2078 1337 2167 (ἐναν-

190 2175 382 2277 τιότητας,
423 2173 669 2267 ἐναντιώσεις,
711 2179 858 2253 ἐναντίοι
891 2174 1034 2277 πάθη),
1068 2179 1185 2266 quales
1220 2203 1338 2249 omnes

192 2279 267 2348 fere
291 2281 470 2372 physicos,
515 2282 574 2368 qui
605 2303 709 2349 unum
735 2281 937 2373 principium
963 2291 1110 2370 ponunt,
1147 2282 1269 2351 adres
1296 2305 1339 2350 ex

191 2381 267 2473 ipsc
300 2382 528 2475 procreandas
561 2382 726 2450 adbibere
750 2383 911 2454 videmus.
962 2383 1018 2452 cf.
1044 2383 1152 2455 Arist.
1165 2385 1275 2474 phys.
1301 2385 1337 2469 l,

192 2483 229 2552 6.
261 2486 302 2554 ln
326 2485 380 2554 his
404 2508 485 2552 vero
512 2485 726 2574 qualitatibus
747 2507 920 2554 summum
943 2507 989 2554 σο
1004 2486 1200 2576 principem
1221 2489 1338 2555 locum

192 2585 343 2678 Diogeni
365 2587 552 2656 obtinuisse
573 2587 739 2656 videntur
764 2581 998 2682 ψυχρότης
1024 2595 1057 2655 et
1083 2582 1336 2684 θερμότης,

193 2687 302 2780 frigus
334 2697 367 2757 et
398 2691 511 2776 calor,
557 2690 678 2777 quibus
715 2689 866 2777 reliquae
898 2711 1013 2755 omues
1046 2690 1216 2760 subiectae
1254 2699 1337 2758 sunt.

194 2789 283 2858 Nam
325 2789 466 2863 άπασαι
499 2797 539 2864 αἱ
574 2789 799 2884 ἐναντιώσεις
840 2784 1044 2883 ἀνάγεσθαι
1084 2792 1251 2865 δοκοῦσιν
1291 2796 1339 2874 εἰς

193 2891 303 2982 μίαν,
343 2892 531 2960 Aristotelis
562 2899 789 2985 praeceptum
816 2901 874 2962 est.
927 2891 1089 2976 Quamvis
1115 2900 1227 2962 autem
1253 2892 1340 2962 Dio-

197 3187 226 3246 oi
243 3190 311 3259 μίαν
328 3188 416 3260 φάσιν
431 3183 614 3251 δποτιδέντες
629 3189 689 3251 ταῒς
710 3183 862 3254 ἐναντίοις,
888 3185 930 3246 δι’
947 3183 984 3260 ἣν
999 3187 1032 3247 ἓν
1049 3187 1081 3245 τά
1099 3191 1158 3245 πάν
1176 3189 1286 3260 ἔλεγον,
1310 3189 1341 3246 ἐκ

196 3261 300 3330 ταύτης
322 3262 438 3330 γεννώσι
459 3257 495 3314 τά
518 3255 637 3315 πάντα
655 3255 693 3320 ώς
714 3260 808 3329 Θαλῆς·
828 3261 879 3326 μὲν
903 3253 1001 3326 ὕδωρ,
1033 3255 1209 3327 Ἡράκλειτος
1226 3259 1258 3315 δὲ
1274 3262 1339 3326 πάρ,

197 3327 369 3400 Ἀναξιμένης
387 3327 417 3384 δὲ
428 3327 521 3416 1ρίίρα,
539 3326 673 3452 Διογένης
690 3326 720 3384 δὲ
737 3324 769 3414 τά
786 3324 900 3396 μεταξύ.
935 3329 983 3384 καί
999 3325 1053 3398 γάρ
1073 3322 1152 3384 οὗτοι
1169 3327 1273 3392 πάντες
1290 3327 1341 3397 τήν

197 3401 266 3468 μίαν
283 3401 389 3468 ταύτην
407 3417 493 3470 φασιν
510 3403 572 3460 τοῖς

198 3471 317 3533 κρίσει
340 3465 359 3538 ἢ
384 3464 539 3537 μονώσει
563 3468 625 3522 καί
649 3465 835 3526 πυκνώσει
857 3465 896 3522 τά
910 3463 980 3522 ditor
1002 3469 1130 3536 γίνεσθαι
1145 3467 1267 3534 λέγοντες
1285 3462 1341 3519 άπ’

194 3537 295 3606 αώτῆς.
330 3541 400 3592 Nom
417 3539 486 3604 quod
504 3536 566 3590 dicit
590 3538 727 3606 συγκρίσει
749 3537 797 3591 καί
814 3539 951 3604 διακρίσει
969 3538 1002 3590 ad
1019 3535 1121 3604 μεταξά
1136 3542 1252 3602 spectare
1267 3537 1341 3588 vide-

198 3611 251 3665 tur,
268 3608 336 3670 quod
354 3608 423 3658 ίεΙνσ
432 3606 545 3674 Diogeni
563 3607 703 3670 adscribit3
720 3607 772 3658 nisi
787 3609 899 3658 fortasse
916 3607 968 3657 ianr
987 3623 1056 3658 nune
1073 3609 1099 3659 id
1116 3606 1203 3659 onimo
1219 3605 1276 3656 eiua
1294 3606 1341 3656 ob-

198 3679 326 3739 versatur,
343 3675 413 3739 quod
425 3675 501 3726 inire
518 3675 633 3740 exponit,
649 3676 763 3740 quodam
779 3675 857 3726 modo
875 3673 1018 3742 σύγκρισιν
1035 3682 1062 3729 et
1078 3674 1215 3743 διάκρισιν
1230 3691 1283 3725 non
1300 3674 1342 3725 di-

198 3755 302 3792 versam
327 3758 383 3792 esne
405 3757 423 3792 ε
445 3739 585 3795 πυκνώσει
609 3750 636 3795 et
655 3739 786 3809 μανώσιι,
810 3742 833 3794 si
847 3743 952 3808 quidem
978 3751 1088 3812 utreque
1112 3745 1139 3797 in
1163 3749 1237 3796 motu
1255 3743 1341 3809 aliquo

201 3808 308 3881 (φορᾷ)
326 3807 410 3876 posita
426 3809 469 3861 sit.
486 3827 511 3875 p.
530 3810 583 3862 130
591 3825 616 3864 a.
633 3811 681 3865 καί
692 3806 776 3872 ,ὅπως
793 3811 821 3866 σί
837 3812 905 3878 μίαν
922 3807 972 3880 τήν
991 3809 1080 3882 άρχὴυ
1096 3813 1143 3867 καί
1160 3807 1191 3866 τά
1211 3815 1342 3879 στοιχεῖον

200 3877 324 3947 λέγοντες
341 3871 384 3941 oie.
396 3875 424 3929 ol
441 3878 504 3943 περὶ
525 3880 619 3946 Θαλῆν
643 3878 692 3933 καί
706 3873 879 3948 Ἀναξιμένην
898 3881 946 3936 καί
961 3877 1181 3950 Ἀναξίμανδρον
1198 3881 1247 3936 καί
1261 3877 1342 3948 Ἡρά-

198 3953 306 4005 κλειτον
331 3945 447 4015 φυσικοί
472 3938 637 4011 coloniens,
662 3945 714 4017 τὴν
739 3947 835 4036 φοράν
852 3947 966 4018 πρώτην
983 3953 1040 4004 τών
1057 3949 1192 4020 κινήσεων
1209 3952 1342 4005 τίθενται.

199 4014 250 4073 διά
266 4013 317 4086 γάρ
334 4013 501 4078 πυκνώσεως
518 4016 567 4070 καὶ
584 4015 734 4083 μανώσεως
757 4039 808 4080 τας
830 4019 946 4086 γενέσεις
962 4019 1010 4074 καί
1028 4017 1145 4088 φθοράς
1162 4015 1342 4074 ἀποδιδόασι.

201 4085 391 4154 σύγκρισις
414 4083 521 4144 δέτις
538 4080 556 4153 ἦ
574 4081 759 4149 τινίκνσνσίς
783 4086 858 4143 ἐστι
881 4087 942 4142 καί
965 4087 1155 4157 διάκρισις
1175 4083 1195 4154 ἡ
1218 4085 1343 4155 μάνω-

200 4171 266 4215 σις.
304 4156 453 4216 οἰκείως
479 4151 514 4208 di
541 4151 648 4220 οἶμαι
674 4157 706 4210 oi
728 4153 794 4222 μὲν
816 4154 857 4210 ἓν
882 4156 1051 4226 λέγοντες
1072 4156 1261 4212 πύκνωσιν
1284 4155 1345 4209 καί

201 4219 368 4289 μάνωσιν
385 4221 567 4278 ἐκάίεσαν
584 4218 626 4278 τά
643 4223 726 4296 περὶ
742 4222 828 4282 αάτό
845 4224 958 4296 πάδη.
977 4227 1009 4281 ol
1028 4225 1066 4283 di
1082 4227 1245 4294 πλείονα,
1265 4222 1344 4294 σάγ-

204 4305 327 4360 κρισιν
344 4293 404 4348 καί
422 4290 624 4385 διάκρισιν.

603 3399 727 3462 ναντίσις
747 3402 933 3462 συνετίθεσαν,
962 3401 1151 3466 συγκρίσει
1175 3400 1237 3453 καί
1261 3400 1341 3452 δια-
