2942 4996
222 431 268 514 ²².
681 423 784 500 chl'.
806 427 856 489 to.
877 425 929 490 to.

224 597 353 692 μέντοι
381 593 442 666 οιαὶ
473 589 557 687 περὶ
587 588 787 689 αὐθροίπου
817 588 964 690 φύσιας.
1017 595 1078 663 Ae
1098 591 1385 685 primoquidem

224 708 336 790 patet,
362 693 576 786 Simplicium
591 695 696 781 hoec,
722 719 810 784 quae
823 707 1087 780 commemorat,
1112 695 1276 788 Diogenis
1291 697 1385 766 scri·-

142 839 146 846 ·
224 813 303 893 pta,
336 807 471 889 praeter
490 798 613 867 librom
633 794 894 894 περὶφύσεως,
927 800 1039 890 ipsum
1059 821 1127 866 non
1148 798 1286 867 vidisse:
1312 800 1384 868 serl

223 903 339 996 piures
354 901 435 968 olim
450 899 520 979 eius
538 900 641 970 libros
660 904 835 988 exstitisse,
866 901 957 970 unde
978 901 1152 971 Nicotaus
1171 901 1385 970 Damasce-

223 1027 290 1074 nus
304 1011 336 1074 et
354 1003 598 1096 Porphyrius,
625 1005 775 1074 medium
790 1003 963 1094 quiddam,
974 1007 1060 1074 inter
1075 1011 1187 1072 aerem
1212 1013 1245 1071 et
1259 1004 1385 1095 ignem

149 1137 152 1144 ·
225 1131 247 1177 a
268 1107 424 1198 Diogene
449 1096 650 1198 principium
680 1130 752 1178 esse
780 1106 934 1179 hobitum
958 1107 1038 1188 rati,
1078 1105 1167 1176 haec
1192 1105 1385 1192 hauserint,

226 1210 361 1302 colligit
377 1218 505 1276 tantum
524 1231 565 1276 ex
577 1230 701 1278 eorum
716 1211 750 1278 in
770 1209 960 1304 libronrpr'
981 1203 1117 1304 φύσεως
1135 1210 1303 1278 mentione
1319 1208 1384 1276 fa-

149 1318 153 1324 ’
225 1321 291 1383 ota.
336 1312 422 1380 Nam
436 1309 529 1379 hunc
542 1311 680 1399 quidem
696 1312 791 1408 aellse
806 1314 997 1402 pervenisse
1011 1319 1045 1381 et
1059 1312 1131 1401 ipse
1145 1320 1284 1380 testatur
1302 1311 1385 1380 ela-

225 1415 270 1485 ris
287 1408 464 1502 verbis1),
490 1422 719 1502 testanturque
743 1436 831 1502 quae
852 1415 952 1504 larga
977 1413 1139 1503 deinceps
1156 1435 1197 1480 ex
1222 1436 1264 1483 eo
1288 1415 1383 1482 libro

225 1517 359 1611 profert
377 1516 578 1606 fragmenta,
628 1516 697 1586 Hic
711 1517 813 1608 igitur
830 1517 909 1606 quin
925 1539 946 1583 a
961 1515 1117 1606 Diogene
1131 1515 1305 1604 profectus
1320 1517 1384 1604 sit,

227 1621 368 1690 dubium
388 1628 531 1695 nonest.
582 1619 746 1709 Reliquos
764 1641 862 1705 vero,
888 1619 947 1708 qui
970 1641 1011 1686 eo
1033 1618 1113 1687 loco
1137 1625 1384 1702 memorantur,

226 1723 331 1792 libros
353 1723 437 1799 olim
466 1721 642 1806 exstitisse,
676 1723 820 1790 :lubitari
845 1732 973 1812 potest,
1005 1744 1049 1788 an
1069 1730 1160 1790 recte
1181 1719 1386 1810 Simplicius

225 1825 435 1894 indicaverit:
460 1823 516 1911 iul,
541 1824 672 1916 quode
691 1825 1023 1896 Schleiermaehero
1042 1824 1250 1910 factumest,
1274 1845 1385 1913 qoem

227 1925 389 1996 Ritlerus
407 1924 508 1990 etiam
522 1927 679 2014 sequitur.

328 2090 415 2184 Cap.
442 2089 503 2164 2⁰.
555 2089 671 2188 Quare
698 2089 817 2182 paullo
850 2089 1035 2161 accuratius
1063 2090 1232 2181 Simplicii
1260 2093 1385 2163 locum

229 2195 453 2262 examinemus
472 2214 560 2283 opus
578 2202 636 2262 est.
686 2193 838 2270 Primum
858 2193 962 2284 igitur
976 2194 1070 2282 quorl
1084 2193 1275 2289 Simplicius
1290 2195 1384 2264 Dio-

228 2317 353 2388 genem
366 2294 411 2366 rie
423 2318 458 2364 se
473 2318 675 2364 memorasse
690 2306 816 2363 namet:
842 2295 901 2366 καὶ
918 2289 1009 2390 ιιρός
1028 2289 1265 2389 φυσιολόγους
1289 2293 1382 2370 οἷαο-
1454 2339 1455 2352 ι

192 2419 195 2426 ’
229 2401 406 2496 srpqrn'rur
428 2399 559 2492 λέγων,
592 2397 652 2478 οὓς
675 2402 776 2470 καλοῖ
796 2397 855 2467 ιιαὶ
886 2392 997 2479 ethroe
1022 2391 1198 2492 οοφιστοῖς
1212 2425 1226 2489 ,·
1253 2401 1381 2500 nemini¹

225 2501 388 2590 equidem
402 2499 752 2569 Schleiemtacherum
773 2522 841 2570 non
862 2501 1063 2588 persuasisse
1083 2500 1243 2586 arbitror,
1269 2525 1379 2593 pecu-

150 2645 154 2650 ·
228 2602 346 2673 liarenr
362 2602 398 2671 itl
414 2603 552 2693 quidem
570 2601 692 2671 librum
708 2624 775 2670 non
791 2602 992 2693 significare.
1043 2603 1164 2691 Neque
1185 2603 1254 2674 lroc
1270 2607 1379 2674 verbis

228 2706 325 2790 inest,
354 2728 443 2795 quae
457 2707 559 2798 ipsius
573 2705 734 2798 Diogenis
754 2727 826 2775 esse
840 2703 1011 2785 videntur,
1037 2727 1142 2795 quum
1165 2701 1378 2806 ἀντειρηκέ-

229 2835 292 2882 υαι
309 2801 399 2901 αρός
423 2801 661 2899 φυσιολόγους
680 2808 770 2878 hanc
795 2815 922 2876 tantum
942 2807 1068 2876 habent
1089 2808 1175 2891 vim,
1202 2831 1279 2876 eum
1294 2833 1379 2879 eon-

228 2920 281 2982 tra
296 2908 580 2998 physielogorom
602 2909 776 2999 opiniones
791 2932 978 3001 pugnasse,
1004 2933 1046 2979 eo
1060 2920 1145 3002 puto
1163 2913 1314 2999 consilio,
1328 2920 1377 2998 ut,

184 3027 186 3032 ·
229 3009 403 3100 quaesibi
426 3009 621 3100 placerent,
648 3020 765 3079 eontra
783 3011 861 3078 illos
887 3012 1085 3089 defenderet
1106 3017 1377 3104 argumentisque

229 3111 399 3191 stabiliret.
433 3111 540 3196 Quod
557 3113 739 3182 commode
755 3112 790 3179 in
805 3113 892 3181 libro
912 3114 993 3209 περὶ
1012 3111 1147 3210 φύσιος
1163 3115 1236 3182 lieri
1258 3118 1376 3208 potnit

228 3215 318 3284 Nam
332 3223 404 3288 turn
422 3213 584 3306 temporis
600 3237 654 3282 ars
677 3216 853 3286 dialectica
868 3216 1018 3286 nondum
1040 3217 1127 3286 adeo
1148 3219 1278 3287 exculta
1294 3229 1378 3306 erat,

229 3316 370 3388 othone
386 3316 671 3410 physiologornm
692 3319 929 3394 refutationem
948 3321 1048 3390 meris
1069 3321 1251 3392 ‹lialecticis
1272 3313 1378 3389 ratioss

229 3421 327 3490 nibus
354 3411 542 3506 instituere,
575 3422 732 3511 cuiqnam
753 3423 789 3490 in
810 3433 957 3493 mentem
984 3425 1098 3492 venire
1122 3428 1267 3515 possetr'
1282 3424 1378 3512 quod

231 3521 583 3600 Sentetermecherus
598 3525 665 3596 ianr
687 3525 818 3593 monuit
835 3549 872 3616 p.
886 3523 947 3596 95.
1000 3527 1234 3608 Quamobrem
1253 3527 1378 3616 tollep-

231 3621 294 3688 dns
310 3623 443 3690 videtur
466 3627 554 3693 liber
571 3636 688 3694 contra
707 3626 932 3717 physiologos
955 3648 975 3692 e
995 3625 1159 3718 Diogenis
1179 3629 1377 3719 scriptorum

230 3743 381 3800 numero,
407 3762 459 3777 -
510 3727 702 3814 Sequuntur
723 3728 827 3796 haec:
854 3727 912 3799 καὶ
934 3727 1220 3821 μετεωρολογίας
1245 3758 1377 3827 γεγρα-

231 3825 360 3920 φέναι,
387 3829 426 3897 e'r
444 3822 467 3924 ᾖ
482 3827 539 3899 καὶ
564 3830 658 3921 λέγει
681 3828 763 3923 περὶ
789 3827 851 3925 τῆς
877 3825 987 3924 α’ρχῆο
1013 3830 1190 3920 εἰρηκέναι
1209 3833 1269 3903 καὶ
1286 3836 1377 3926 μού-

231 3955 293 4004 ror
318 3925 379 4000 καὶ
403 3926 485 4024 περὶ
511 3924 711 4026 ἁυθριόιιυυ
738 3924 885 4026 φύσιας.
938 3929 1131 4022 Diogenem
1162 3931 1267 4026 igitur
1288 3936 1378 4004 Sim-

238 4122 444 4136 ,μοι-αι·-

300 4230 332 4298 1)
347 4229 387 4283 hul
403 4227 483 4284 Arist.
501 4225 579 4297 phys.
595 4242 621 4294 p.
638 4221 681 4280 tr.
699 4225 727 4279 lr.
754 4221 786 4280 ir
804 4220 837 4280 hl
852 4243 882 4296 γε
899 4228 938 4296 τῷ
954 4227 1018 4295 περὶ
1037 4225 1165 4297 φύσεως,
1193 4222 1211 4283 ὃ
1228 4229 1296 4284 coir
1314 4226 1376 4286 aei-

232 4298 299 4350 eon
314 4295 432 4367 privor
449 4297 504 4360 tle
520 4292 581 4366 ἐμὲ
598 4287 687 4364 ἦλθε
703 4301 753 4348 eto.
776 4314 802 4364 p.
820 4294 847 4348 e.
865 4312 890 4349 a.
908 4296 965 4354 sul
982 4296 1022 4354 eri
1042 4301 1091 4362 εἰς
1107 4296 1166 4368 ἐμὲ
1185 4294 1297 4356 ἐλθὼν
1315 4297 1377 4356 αὖ·

231 4364 297 4453 pori
314 4363 545 4436 ου’γγραγιγια,
563 4364 642 4436 noel
662 4359 802 4436 φῦαοως
817 4360 1134 4439 ἐπιγεγραμμένου
1150 4373 1202 4423 etc.
