2966 4990
573 429 670 492 G-dP.
686 433 815 499 :doadi
1033 485 1039 496 .
1229 443 1278 502 ω

133 601 281 689 animus,
313 599 349 676 id
378 600 424 668 ad
450 600 616 675 viventem
641 599 735 686 illam
750 609 795 670 et
820 601 1100 692 regetanranimi
1115 603 1191 670 -vim
1218 625 1273 670 re-

130 705 310 773 ferendum
340 711 412 772 est.
473 701 631 771 Ceterum
666 725 796 794 perse
826 712 945 794 patet,
982 701 1174 774 discrimen⁴
1189 706 1274 774 inter

129 817 308 894 utramque
341 815 472 895 partem
498 826 567 873 nou
580 813 719 873 -tantunr
744 827 833 890 esse,
870 815 907 874 ut
931 806 1028 877 certis
1053 828 1206 895 quaeque
1231 809 1287 874 li-i·

130 909 267 976 mitibus
298 906 548 997 circumscripta
568 908 723 1000 cogitari
756 906 900 988 debeat,
916 980 919 987 ,
934 907 995 974 sed
1020 909 1195 976 ,verissime
1228 909 1273 976 de

85 1087 87 1092 ,
130 1009 201 1078 hac
223 1032 263 1078 re
289 1009 639 1078 Schleiermuchenas
663 1010 816 1100 (Heraol.
843 1031 877 1098 p.
898 1005 992 1099 475)
1019 1010 1118 1080 dicit:
1142 1009 1272 1088 Selbst-

129 1113 327 1203 hewegung
352 1114 434 1180 aber
458 1109 528 1178 und
554 1112 797 1200 Bewusstseyn,
813 1112 999 1180 Erkeunen
1025 1121 1144 1180 sammt
1169 1113 1271 1181 aliem

130 1207 239 1282 dahin
262 1213 454 1305 gehiirigen
479 1235 590 1280 waren
603 1215 683 1282 ‹den
707 1215 809 1282 Aiten
833 1213 1049 1304 iosgcsammt
1075 1215 1271 1288 wesentiich

129 1316 339 1408 verbunden,
376 1315 445 1384 und
470 1336 525 1394 wo
550 1338 614 1384 nar
637 1315 874 1400 Lebenskraft,
907 1315 1025 1400 Seele,
1058 1310 1172 1410 ψυχή,
1205 1341 1271 1408 ge-

128 1426 231 1486 uannt
255 1417 352 1500 suiad,
377 1418 423 1486 da
447 1418 489 1487 ist
512 1417 631 1498 mmor
655 1418 712 1486 die
736 1419 876 1488 Eiuheit
900 1417 1008 1486 dieser
1033 1417 1155 1486 beiden
1172 1419 1270 1486 Tha-

127 1520 291 1613 tigkeiten
314 1520 473 1613 gemeint.
900 1521 903 1526 ’
1097 1543 1102 1546 ·
1230 1515 1233 1522 ’

231 1689 316 1783 Gap,
342 1688 404 1758 44.
455 1689 528 1758 lam
560 1711 641 1780 vero
667 1691 780 1778 primo
805 1689 946 1780 quisque
972 1688 1091 1755 obtutu
1115 1687 1269 1780 animad-

128 1791 244 1874 vertit,
278 1790 407 1882 priores
430 1791 589 1880 physicos
615 1813 730 1858 omnes
754 1790 822 1859 vim
848 1791 950 1874 animi
976 1790 1110 1857 vitalem
1135 1811 1210 1856 raro
1237 1789 1270 1854 in

128 1902 240 1985 partes
264 1901 419 1977 vocass'e,
454 1895 560 1960 rarius
585 1914 667 1962 vero
693 1893 907 1980 rationalem,
947 1915 1034 1982 quae
1059 1891 1277 1972 velut'mcr-¹

127 2006 187 2065 tua
218 1995 334 2082 iacuit⁴
354 2003 388 2071 et
421 1997 571 2084 sepulta3
611 1994 803 2086 Diogenem
831 2003 948 2077 contra
980 2014 1111 2076 summo
1144 2001 1178 2060 et
1202 2015 1277 2081 po·-

127 2098 308 2168 tentissimo
333 2096 412 2165 loco
438 2099 473 2168 in
499 2097 653 2166 doctrina
677 2119 735 2172 sna
761 2095 963 2181 collocasse,
1003 2117 1106 2184 quam
1129 2095 1181 2164 illi
1206 2118 1269 2162 rre-

128 2200 309 2291 giigerent,
333 2199 497 2266 rationem
520 2207 564 2290 et¹
581 2207 737 2282 mentem,
764 2199 852 2280 adeo
878 2199 966 2271 utin
985 2198 1054 2281 hac
1074 2198 1269 2278 illustranda

127 2325 211 2392 prae
244 2303 362 2379 ceteris
400 2301 553 2382 omnibus
591 2301 841 2392 diligentissime
883 2301 1071 2379 elaborasse
1108 2300 1270 2372 videatur.

128 2403 230 2473 Cuius
261 2404 310 2470 rei
339 2424 460 2472 causae
485 2401 579 2476 haud
611 2406 773 2472 ob'seurae
798 2403 885 2476 sunt
933 2403 990 2467 lsti
1016 2401 1104 2467 enim
1130 2401 1268 2490 amplis-

127 2507 243 2573 simam
268 2505 303 2573 in
327 2503 549 2596 philosophia
574 2527 633 2576 sua
658 2512 859 2592 potestatem
882 2501 1067 2569 tribuerunt
1091 2500 1173 2584 fato,
1200 2523 1268 2588 quo

127 2608 267 2676 liberam
294 2614 328 2672 et
353 2608 487 2677 rationis
508 2613 542 2674 et
563 2612 671 2670 motus
691 2605 760 2670 vim
773 2626 909 2693 prorsus
929 2603 1136 2684 sustulerunt.
1162 2603 1268 2672 Nam-

126 2733 195 2797 que
219 2718 258 2776 ut
281 2705 325 2774 ad
348 2706 530 2775 Thaletem
554 2714 770 2789 revertamur,
796 2706 824 2771 is
844 2699 982 2792 quidem
999 2704 1106 2772 fatum
1120 2704 1268 2784 omnium

127 2831 240 2878 rerum
264 2809 531 2899 potentissimum
558 2829 628 2875 esse
653 2806 751 2893 dixit,
784 2807 876 2876 cuins
897 2807 929 2874 vi
956 2805 1115 2893 effectum
1140 2807 1199 2891 sit,
1231 2815 1268 2875 ut

127 2911 271 2979 mundus
304 2905 451 2980 exsistat
501 2907 767 2977 Anaximandri
791 2919 919 2994 autem,
961 2908 1054 2997 quod
1087 2931 1190 2996 unum
1223 2908 1268 2975 ad

127 3009 188 3080 nos
211 3013 374 3102 pervenit,
398 3012 635 3103 fragmentum,
662 3012 867 3102 apertissime
886 3010 997 3094 docet,
1029 3020 1189 3100 quantam
1210 3012 1267 3078 iile

128 3116 200 3181 fato
225 3113 387 3181 tribueritt
419 3114 532 3200 „unde
557 3138 610 3182 res
636 3115 802 3205 originem
827 3114 992 3196 habeant,
1025 3107 1087 3197 ait,
1118 3114 1153 3179 in
1175 3113 1268 3180 idern

127 3216 294 3284 interitum
316 3217 354 3282 iis
374 3217 656 3284 essesecandam
675 3219 939 3292 necessitatem
962 3217 1062 3282 iustas
1079 3216 1167 3282 enirn
1179 3209 1267 3302 poe·

127 3342 186 3388 nas
199 3318 281 3385 dare
299 3318 474 3386 iniustitiae
492 3339 533 3385 ex
547 3303 740 3407 temporum
754 3319 922 3384 ratione“:
946 3317 981 3383 in
995 3340 1064 3404 quo
1078 3339 1269 3402 quemnam,

126 3442 264 3510 quaeso,
291 3419 424 3508 reliquit
443 3420 563 3497 rationi
588 3430 623 3486 et
646 3419 785 3488 consilio
811 3416 951 3486 locum?
976 3455 1026 3468 -
1051 3417 1107 3485 Ad
1127 3416 1269 3484 Anaxi-

127 3545 262 3592 meaem
295 3521 419 3590 deinde
452 3521 546 3610 quod
580 3523 713 3604 attinet,
745 3521 887 3588 relatum
921 3519 1058 3604 quidem
1101 3541 1168 3586 non
1209 3528 1268 3601 est,

128 3625 210 3714 quid
234 3625 305 3693 hac
329 3625 375 3692 de
407 3647 444 3693 re
474 3625 641 3704 statuerim
678 3619 741 3698 sed
766 3625 822 3691 vir
838 3617 996 3688 'dubitari
1021 3627 1149 3711 potest,
1189 3622 1269 3710 quin

129 3727 219 3793 idem
244 3727 304 3793 sati
333 3726 526 3796 necessitate
553 3749 630 3793 usus
656 3725 766 3792 fuerit.
804 3723 1011 3794 Heraclitus
1030 3734 1140 3792 autern
1166 3746 1269 3813 quarn

18 3899 22 3904 ,
129 3829 197 3894 late
221 3840 416 3918 regnantem
443 3829 504 3897 fati
529 3830 596 3896 vim
622 3829 757 3912 fecerit,
782 3836 900 3894 notum
927 3835 993 3909 est,
1022 3835 1073 3912 et,
1099 3829 1179 3897 licet
1203 3847 1270 3916 pu-

129 3928 208 3996 riori
232 3928 319 4017 igni,
351 3943 387 3997 nt
412 3931 574 4016 diximus,
611 3931 774 3997 rationem
807 3929 997 4012 addiceret,
1030 3928 1128 4014 huius
1158 3939 1271 4026 tarnen

130 4053 266 4098 omnem
298 4034 366 4098 vim
393 4033 428 4098 in
453 4055 494 4100 eo
521 4035 655 4124 posuit,
687 4041 724 4098 ut
749 4027 814 4115 da,
848 4052 935 4120 quae
960 4027 1270 4122 ἐναντιοδρομίας,
1328 4018 1339 4040 Χ

129 4156 233 4223 quam
259 4142 377 4213 vocat,
403 4139 596 4203 necessitate
620 4129 743 4202 effecta
770 4144 894 4214 essent,
920 4124 1154 4224 cognosceret:
1180 4128 1271 4195 unde

130 4237 292 4304 rationem
311 4237 414 4326 plane
433 4236 504 4301 lato
519 4240 699 4305 subiectam
721 4237 820 4304 inisse
838 4247 940 4326 patet.
993 4231 1063 4300 Sed
1080 4240 1115 4298 ut
1129 4231 1172 4296 ad
1186 4231 1271 4297 llio-

132 4361 253 4431 genem
271 4339 523 4430 perveniamus,
549 4343 665 4430 negari
681 4339 817 4428 quidem
838 4336 970 4425 nequit,
994 4334 1086 4404 hauc
1110 4342 1143 4402 et
1163 4333 1271 4424 ipsum
