2942 4996
156 421 223 512 nn
521 413 939 482 runnrnuro.

157 589 541 663 ratius'truotandurnm.
609 588 795 674 Leetabor,
836 591 863 658 si
885 586 962 679 'quis
991 585 1305 668 anisamtomteae

131 725 296 820 'peritior
322 728 390 798 irae
421 750 497 796 mea
528 727 776 819 qualicunque,
808 722 916 814 'quam
945 727 979 793 in
1000 725 1080 795 -lroe
1114 727 1194 795 looo
1224 727 1310 794 illu«.

119 833 123 844 ⁸
156 865 295 932 stronde
320 864 512 955 posuerim,
542 884 650 953 opera
677 862 881 947 adducatur,
918 873 954 930 ut
975 863 1190 954 diligentiore
1222 883 1309 930 curn

154 1000 243 1072 haee
261 1001 373 1070 omnia
389 1008 569 1068 retractare
586 1009 620 1068 et
638 997 820 1098 emendare
838 1000 928 1068 velit.
978 997 1114 1067 Interim
1133 1023 1188 1082 ea,
1215 1021 1302 1088 quae

155 1159 225 1229 ego
247 1137 346 1223 dedi,
378 1137 509 1206 facilius
532 1137 642 1206 lector
668 1135 853 1226 intelliget,
889 1135 972 1202 siin
997 1135 1158 1203 auxilium
1178 1158 1303 1206 uooare

154 1274 300 1343 voluerit
320 1275 443 1346 eeleb.
477 1273 614 1342 Loderi
642 1271 793 1340 Tabulas
829 1273 1050 1363 anatomicos,
1098 1275 1220 1342 additis
1242 1273 1302 1360 iis,

153 1434 243 1500 quae
270 1410 445 1500 Baetes,
484 1411 660 1481 Professor
683 1409 991 1500 Regiomontanus,
1023 1410 1058 1477 in
1086 1412 1302 1501 praestantis-2

152 1547 242 1615 simo
262 1547 371 1632 libro,
403 1543 505 1638 quem
533 1549 579 1616 de
599 1548 725 1614 Natura
749 1545 893 1613 hominis
923 1519 1053 1637 scripsit
1064 1543 1120 1638 *),
1147 1549 1302 1637 exposuit

156 1693 257 1775 etque
277 1683 312 1752 in
330 1685 454 1752 tabulis
473 1684 668 1754 adumbrari
688 1682 825 1756 curarit.
885 1683 961 1750 Hos
986 1684 1073 1750 enim
1092 1685 1300 1774 potissimum

153 1820 348 1889 duumviros
366 1822 401 1889 in
424 1821 627 1911 explicando
650 1821 813 1914 Diogenis
836 1820 1029 1912 fragmento
1059 1832 1190 1897 secutus
1215 1847 1299 1892 sum.

153 1955 315 2024 Ceterum
337 1974 390 2022 res
414 1953 488 2043 ipsa
510 1955 722 2043 postulabat,
748 1963 785 2022 ut
806 1955 1002 2044 fragmentis
1023 1981 1063 2024 ea
1086 1962 1187 2028 etiam
1212 1961 1298 2027 adiit

152 2099 325 2177 cenentur,
359 2109 448 2178 quae
469 2089 606 2164 aliunde
628 2088 674 2158 de
698 2090 859 2181 Diogenis
879 2090 1033 2160 doctrina
1056 2105 1137 2162 nota
1157 2108 1272 2165 essent.
1295 2121 1299 2133 ·

256 2225 328 2294 Sed
344 2226 426 2294 nolo
450 2249 520 2294 esse
543 2227 675 2318 longos.
727 2225 831 2294 Mitto
854 2228 957 2320 igitur
971 2229 1016 2297 de
1031 2232 1158 2301 ratione
1173 2233 1298 2318 dicere,

149 2385 218 2453 qua
249 2362 361 2430 omnia
388 2362 618 2432 tractaverint
659 2361 747 2434 haee
772 2364 862 2431 enirn
890 2366 925 2433 in
952 2367 1089 2460 singulis
1117 2371 1298 2454 loeissetis

150 2501 245 2570 clare
261 2500 409 2569 indicata
425 2521 495 2566 esse
512 2498 653 2569 videtur.
707 2501 787 2586 Quo
813 2523 970 2572 successu
988 2526 1061 2573 rem
1084 2529 1194 2574 meam
1217 2531 1297 2599 ges-

151 2636 271 2721 serim,
305 2637 363 2704 alii
384 2635 552 2724 iudicent,
584 2639 684 2727 aequi
707 2638 807 2706 huius
831 2639 939 2708 libelli
966 2632 1098 2720 ur'bitri3¹
1144 2645 1295 2732 quos,'si

148 2795 205 2840 me
235 2780 402 2840 errantem
431 2772 736 2865 deprehenderint,
773 2774 947 2843 hominem
976 2799 1031 2844 me
1057 2801 1164 2878 esse,
1181 2804 1294 2849 seeum

149 2907 317 2999 oogitenl,
357 2928 457 2998 rogo.
528 2909 731 3000 Quanquam
769 2910 840 2981 hoo
878 2911 963 2979 mihi
995 2914 1075 2983 iicet
1112 2917 1293 3006 affirmare,

148 3051 281 3110 strenue
301 3063 357 3108 me
378 3041 412 3108 in
432 3045 585 3124 omnibus
604 3045 686 3116 dare
711 3045 870 3132 voluisse,
892 3029 987 3139 quod
1007 3074 1123 3146 uerum
1144 3060 1200 3118 aut
1219 3076 1294 3120 eer-

146 3187 180 3244 te
204 3177 275 3245 veri
301 3175 407 3246 simile
426 3147 613 3251 uideretur.
683 3183 802 3271 Unde,
829 3186 855 3251 si
877 3186 952 3275 quis
968 3189 1110 3256 meliora·
1129 3188 1292 3275 docuerit,

144 3312 273 3405 primus
292 3335 359 3407 ego
377 3313 497 3388 cedam
512 3319 650 3392 veritati.
683 3319 838 3392 Soribeb.
861 3322 1057 3418 Meiningae
1079 3349 1192 3394 mense
1205 3325 1292 3397 lullo

144 3451 437 3524 MDCCGXXIX.

159 3645 161 3654 r
178 3647 182 3654 .

211 3807 241 3874 t)
260 3806 439 3878 Veriurungon
462 3807 527 3860 iiber
552 3787 763 3880 Anthrouoiogie
787 3813 831 3865 liir
856 3776 905 3864 rien
923 3809 1157 3866 Soibrtunterrieirt
1175 3831 1225 3865 ron
1243 3815 1289 3866 iir.

141 3895 171 3948 0.
189 3895 268 3948 Ernst
285 3909 313 3946 v.
331 3892 412 3947 Beer.
447 3895 464 3946 1
482 3893 563 3948 Theil
580 3897 630 3950 mit
647 3897 680 3951 ll
697 3897 847 3968 Kopiorlui.
883 3899 1012 3971 ltdnigsb.
1029 3897 1107 3952 tout.

624 4179 828 4192 *nn—u-
