2966 4990
205 383 281 444 1OE
301 423 304 430 ·
652 374 754 440 Gdl'.
775 379 828 443 62,
848 379 903 444 66.

215 549 339 620 tinibus
353 546 655 637 circumscriptam,
682 547 742 615 sed
759 552 1017 636 usquequaque
1032 551 1214 636 patentem,
1240 565 1366 634 quam-

215 653 265 720 vis
287 654 475 722 eontran'ae
496 671 630 740 semper
653 649 862 740 oppositam,
895 650 1043 720 volebat.
1096 645 1225 716 Omnes
1247 656 1365 716 autem

213 755 412 844 qualitates,
438 753 482 821 de
505 754 630 840 ,quibus
652 753 802 842 egimus,
831 752 866 820 in
890 759 1003 820 acrem
1030 749 1156 819 cadunt
1178 750 1222 818 ab
1250 772 1365 838 coque

212 857 439 945 recipiuntur,
466 855 595 944 quippe
615 854 673 941 qui
693 853 766 920 fato
787 854 901 943 aliquo
922 853 1026 921 talem
1048 850 1175 918 habeat
1196 860 1362 941 naturam,

211 981 299 1046 quae
315 966 459 1048 propter
477 954 724 1050 πολυτροπίαν
740 964 775 1023 et
791 953 1024 1029 εὐαλλοίωσιν
1042 953 1192 1021 omnium
1216 955 1364 1024 maxime

210 1061 257 1128 ad
281 1059 372 1128 hanc
398 1081 471 1126 rem
497 1059 537 1124 sit
558 1058 691 1126 idonea.
742 1057 805 1125 Est
827 1060 923 1144 quasi
945 1056 1075 1126 medius
1098 1058 1184 1125 inter
1204 1065 1363 1144 utrasque

211 1169 287 1245 adr,
314 1170 348 1228 et
363 1159 410 1228 ad
426 1169 581 1248 utrasque
602 1162 636 1226 in
657 1182 693 1227 se
710 1160 920 1249 recipiendas
943 1158 1118 1248 qualitates
1135 1181 1242 1246 aeque
1262 1168 1362 1249 aptus

211 1287 320 1352 eaque
347 1264 476 1332 ratione
502 1263 685 1331 adrerum
712 1262 957 1334 universitatem
988 1260 1236 1354 procreandam
1260 1261 1362 1329 suffi-

209 1389 311 1435 erens.

313 1517 399 1607 Cap.
421 1513 482 1584 63.
518 1513 587 1582 Sed
603 1537 645 1581 eo
663 1535 844 1606 progressa
862 1520 913 1583 est
932 1501 1133 1604 disputatio,
1157 1522 1195 1581 ut
1214 1513 1281 1580 iam
1304 1516 1360 1581 ni·
1466 1505 1470 1522 '

210 1617 260 1685 hil
277 1620 435 1710 supersit,
462 1641 564 1707 quam
579 1625 615 1683 ut
631 1619 733 1708 ipsius
749 1617 865 1685 mundi
884 1617 982 1708 origo
1002 1628 1036 1685 et
1053 1616 1245 1700 fabricatio,
1272 1640 1359 1704 qua·

208 1721 258 1790 les
276 1745 296 1789 e
313 1721 473 1812 Diogenis
488 1727 600 1787 mente
618 1719 736 1806 fuerit,
764 1729 961 1810 exponatur,
988 1728 1149 1807 quantum
1162 1718 1199 1785 id
1218 1718 1359 1807 quidem

209 1824 243 1889 in
268 1835 360 1891 tanta
384 1822 647 1891 testimoniorum
674 1823 940 1911 paucitate‘tieri
964 1823 1077 1911 possit.
1130 1820 1180 1890 Ut
1201 1821 1359 1910 plerique

209 1946 326 1992 omnes
347 1925 483 2016 physici
504 1924 707 2014 principium
731 1947 848 2008 suum,
873 1925 920 1992 ita
938 1930 1049 1992 ae'rem
1075 1923 1248 2015 Diogenes
1269 1946 1358 1990 nun-

208 2049 309 2114 quam
336 2036 448 2094 ortum
475 2049 545 2121 esse
569 2027 700 2114 statuit,
733 2048 843 2115 neque
869 2048 1018 2114 unquam
1043 2026 1266 2113 interiturum,
1292 2026 1358 2094 sed

208 2150 342 2245 semper
367 2128 467 2194 fuisse
495 2149 696 2216 semperque
719 2128 877 2198 futurum.
920 2127 975 2197 of.
995 2128 1053 2195 Fr
1074 2128 1126 2195 111
1146 2128 1239 2195 etv
1290 2128 1357 2196 Est

207 2229 296 2297 enim
324 2221 478 2350 qvochv
503 2224 642 2320 ᾰξιωμα
672 2231 792 2320 λέγον·
826 2223 921 2324 μήτε
955 2228 1124 2320 γίνεσθαί
1144 2257 1181 2300 τι
1215 2234 1252 2302 ἐκ
1283 2230 1356 2302 τοῦ
1466 2315 1470 2336 .

205 2329 324 2409 ἁπλοῖς
343 2357 394 2425 μη
414 2329 534 2414 ὄντος,
560 2323 654 2421 μήτε
670 2330 895 2424 φθείρεσθαί
910 2358 949 2402 τι
971 2333 1019 2410 εἰς
1032 2359 1076 2402 το
1069 2326 1212 2410 ἁπλοῖς
1226 2357 1278 2426 μη
1297 2330 1352 2404 ὄν.

206 2432 332 2525 Simpl
359 2456 394 2523 p.
412 2428 508 2499 666.
545 2431 648 2499 Sed
639 2454 741 2520 quum
767 2442 900 2524 tempus
924 2433 1052 2500 veniret
1071 2429 1129 2523 1),
1150 2453 1218 2521 quo
1239 2457 1259 2500 a
1277 2432 1353 2500 fato

204 2537 419 2604 constitutum
439 2542 525 2602 esset
537 2529 590 2623 ²),
616 2543 653 2600 ut
667 2557 720 2603 res
734 2535 950 2619 exorirentur,
976 2541 1044 2619 air,
1070 2536 1137 2604 sive
1153 2535 1247 2623 quod
1262 2555 1353 2601 nun-

202 2660 305 2726 quam
324 2637 414 2712 omni
434 2644 557 2727 vegeta
582 2659 623 2706 ac
639 2637 731 2703 vitali
752 2637 784 2703 vi
802 2637 950 2727 privatus
975 2646 1066 2718 erat,
1101 2637 1170 2706 sive
1185 2636 1245 2704 fati
1262 2658 1352 2722 qua«

203 2740 283 2807 dam
303 2739 498 2806 necessitate
525 2738 705 2827 impulsus,
730 2741 853 2828 partim
875 2740 1061 2823 calescere,
1089 2741 1212 2830 partim
1241 2739 1352 2829 frige-

202 2863 299 2908 scere
315 2849 350 2907 et
366 2833 530 2926 reliquas,
556 2862 640 2926 quas
659 2840 764 2906 modo
781 2840 940 2924 diximus,
966 2863 1115 2931 quasque
1132 2843 1225 2927 alias,
1250 2842 1350 2908 nobis

201 2943 354 3031 ignotas,
379 2942 560 3026 statuebat,
586 2942 761 3028 qualitates
779 2965 964 3027 assumere,
991 2953 1091 3033 atque
1106 2946 1155 3012 ita
1170 2953 1277 3014 certas
1292 2967 1350 3012 re-

201 3065 276 3110 rum
300 3042 427 3112 formas
449 3042 589 3112 induere
612 3034 727 3134 coepit
741 3041 787 3136 3),
838 3047 928 3115 Rem
953 3045 1042 3114 euim
1065 3046 1111 3114 ita
1128 3047 1350 3140 cogitandam
1467 3059 1468 3065 ’

269 3347 301 3414 1)
319 3347 411 3434 simpl.
428 3345 462 3399 ad
479 3344 555 3430 phys.
572 3361 597 3413 p.
615 3345 705 3434 1666,
724 3367 757 3404 το
751 3341 808 3402 66
806 3346 958 3432 pocenaria
975 3348 1069 3404 δοκεῖν
1085 3345 1212 3415 λέγεσθαι
1227 3346 1332 3430 τήν
1296 3366 1347 3415 της

198 3413 397 3482 διακρίιεοις’
379 3415 489 3500 αρχῆν,
511 3408 668 3484 οὗνηθες’
649 3434 684 3485 ην
694 3415 761 3478 τοῖς
775 3413 862 3471 πάλαι
878 3416 1060 3504 φυσιολόγοις
1076 3435 1105 3471 aa
1122 3417 1169 3470 aad
1186 3415 1346 3482 θεολόγοις,

197 3486 450 3624 asstitit:
464 3479 965 3624 dicticinii.:tim
1000 3483 1036 3542 ⁰'''
1058 3483 1111 3555 ⁷⁰²⁰
1135 3483 1282 3552 mm
1306 3501 1344 3554 '⁹

265 3669 297 3734 ²)
314 3671 471 3737 Quanquam
493 3687 544 3724 nou
570 3671 696 3734 dixerim,
721 3671 899 3753 Iiiogcuem'
889 3689 976 3738 ipsum
1001 3673 1084 3726 insius
1107 3671 1217 3724 dotato
1241 3669 1345 3739 egism3

196 3737 336 3804 sumpsisse
353 3738 439 3808 magis
455 3756 535 3806 quam
551 3740 629 3794 certis
651 3709 797 3793 rationibus
812 3740 934 3795 statuisse
956 3742 1024 3796 haee
1040 3743 1153 3838 videtur.
1176 3740 1218 3793 Gi.
1236 3742 1343 3793 Aristot.

194 3807 273 3878 phys.
292 3807 319 3872 2,
336 3805 363 3858 4,

262 3923 672 3993 a)nater10n.1²nn.p.54.
706 3927 1079 3995 DisserPhitosophscheint
1105 3928 1162 3981 aleo
1185 3927 1234 3978 den
1252 3926 1345 3978 Gruud

192 3995 241 4048 der
258 3996 422 4062 Entstelrung
446 3993 580 4045 endiicher
585 3942 689 4062 ¹’liinge
713 3997 831 4049 dadurch
856 4014 903 4050 aus
927 3999 974 4050 der
990 3998 1166 4050 uneudiichen
1184 3997 1247 4050 inuit
1262 3995 1345 4049 selbot

192 4065 335 4131 abgeteitet
351 4080 384 4116 au
401 4064 503 4126 haben,
528 4063 587 4115 dass
604 4080 633 4114 er
650 4064 775 4117 dieser
752 4082 810 4117 erue
827 4068 1028 4136 urspningiiehe
1044 4069 1201 4134 Bewegung
1217 4065 1343 4148 heiiegte,

192 4133 278 4183 dirrch
303 4134 405 4185 welche
428 4132 527 4184 sodann
550 4130 593 4183 dio
618 4133 789 4217 Gegensdtuo·
807 4135 861 4186 und
883 4136 927 4188 die
951 4133 1250 4189 verschiedeuheiteu’
1241 4151 1269 4185 m
1292 4133 1344 4184 den

192 4199 296 4267 Diogen
318 4202 485 4269 cutetimden,
512 4200 600 4254 indem
625 4203 674 4253 uui
695 4203 741 4254 der
765 4202 840 4255 einen
864 4204 935 4260 Seite
957 4205 1000 4258 dia
1021 4206 1080 4260 sich
1098 4202 1258 4274 bewegende
1277 4203 1345 4256 lauit

193 4267 311 4332 dictitet,
334 4271 383 4323 aut
396 4270 444 4324 der
459 4271 557 4326 anderu
574 4271 639 4326 aher
656 4271 754 4324 dduner
770 4273 867 4326 wdrde.
1371 4291 1376 4298 ·
