2966 4990
117 391 121 397 ’
224 411 287 474 aaa
701 400 800 469 cau.
828 403 903 472 aa„

223 583 360 666 exorto,
385 583 478 645 natas
504 597 573 644 esse
598 573 738 645 credat?
764 571 999 653 assimiliter,
1026 577 1067 638 a'c
1088 570 1155 652 sol,
1179 567 1364 655 itidemque

221 679 395 771 inprimis
427 679 542 746 mundi
574 677 672 745 initiis
704 677 817 746 factae
850 684 926 743 suut
960 674 1077 741 stellae
1110 693 1151 738 ex
1184 671 1364 738 levioribus
1467 667 1468 748 ἶ

221 784 307 850 aeris
332 781 504 871 particulis
533 802 661 849 sursum
685 779 760 846 latis
787 778 820 844 in
846 777 1014 865 coeloque
1039 773 1268 864 conglobatis,
1301 792 1364 842 nec
1467 773 1468 860 ,

220 883 358 970 dubito,
390 884 472 971 quin
503 881 571 949 iam
606 869 747 964 fuerint,
781 903 886 969 quum
912 880 964 946 sol
989 877 1164 945 inferiores
1193 874 1269 942 illos
1294 873 1363 942 bu-

219 1005 330 1052 mores
354 983 566 1074 tepefacere,
592 984 848 1074 tepefactosque
882 982 1015 1050 elevare
1046 978 1171 1069 coepit.
1244 976 1363 1061 Quan-

218 1108 322 1174 quam
348 1086 500 1176 quodam
527 1086 632 1154 modo
665 1086 778 1153 stellas
803 1077 987 1172 ,dromeda
1018 1080 1088 1153 τοῦ
1121 1073 1261 1168 κόσμου
1294 1077 1362 1146 dici

217 1209 339 1278 posse,
363 1210 432 1256 non
456 1189 662 1280 negaverim.
713 1189 783 1255 Bes
805 1187 893 1254 enim
916 1185 1006 1252 haec
1019 1191 1076 1250 est.
1129 1181 1245 1263 Quum
1264 1180 1363 1246 flam·
1415 1229 1419 1244 .

217 1289 294 1358 mea
318 1291 381 1357 sint
406 1290 517 1358 sidera
547 1291 695 1381 igneque
720 1309 877 1371 accensa,
921 1287 1007 1378 ignis
1041 1293 1151 1352 autem
1178 1305 1219 1350 ea
1244 1291 1363 1350 natura

217 1392 280 1474 sit,
305 1413 393 1480 quae
419 1387 580 1480 quicquid
607 1391 827 1480 corripuerit,
854 1391 1042 1479 conflagret
1066 1396 1168 1474 atque
1192 1383 1363 1465 absumat3

218 1494 331 1560 omnia
356 1494 452 1561 brevi
478 1502 715 1583 consumptum
739 1493 779 1559 iri
804 1491 1011 1584 intelligitur,
1036 1489 1098 1556 nisi
1124 1486 1256 1554 assidue
1281 1486 1361 1576 ipsis

217 1595 360 1664 accedat
385 1595 533 1683 aliquid,
560 1617 630 1684 quo
651 1598 780 1662 alantur
805 1614 847 1663 ac
871 1600 1081 1660 renoventur.
1133 1590 1248 1676 Atque
1272 1585 1362 1658 baec

217 1698 293 1786 ipsa
317 1695 464 1764 siderum
489 1698 648 1766 alimenta
672 1706 747 1765 sunt
772 1695 943 1768 dranuooi
968 1695 1037 1766 τοῦ
1061 1686 1223 1784 κόσμου,
1254 1689 1361 1757 erba-

217 1798 357 1866 lationes
382 1799 518 1883 mundi,
559 1801 681 1889 quibus
714 1809 805 1870 certe
837 1798 944 1866 solem
978 1805 1013 1864 ct
1046 1795 1161 1863 lunam
1192 1801 1362 1882 perpetuo

217 1900 370 1967 renovari
394 1902 507 1970 statuit
520 1901 704 1994 Diogenes,
728 1910 767 1969 ut
792 1901 835 1968 ab
845 1891 1025 1968 Aristotele
1050 1905 1151 1984 atque
1165 1895 1360 1966 Alexandro

218 2001 410 2070 edocemur.
463 2004 543 2072 Huc
567 2027 672 2092 quum
690 2003 847 2088 accedat,
874 1999 969 2090 quod
995 2003 1038 2067 ab
1063 1999 1157 2067 initio
1184 1999 1285 2064 etiam
1302 2004 1361 2064 aer

141 2183 144 2190 .
217 2101 295 2188 iste,
322 2103 413 2170 unde
437 2105 554 2171 stellae
580 2114 735 2194 exortae,
761 2107 825 2171 vix·
840 2103 923 2186 alia,
958 2125 1060 2190 quam
1086 2118 1252 2190 vaporum
1278 2121 1361 2191 spe-

216 2205 270 2273 cie
296 2226 464 2294 apparere
489 2208 621 2295 potuit,
646 2207 704 2296 qui
733 2230 773 2273 ea
796 2207 874 2273 loca
898 2205 1133 2294 capessebant,
1159 2202 1219 2269 ubi
1241 2224 1360 2269 corum

216 2306 481 2398 conglobatione
508 2309 626 2376 stellae
643 2310 780 2390 tierent3
805 2307 997 2397 Diogenem
1021 2304 1130 2372 sidera
1154 2305 1226 2371 iure
1240 2303 1359 2371 mundi
1465 2319 1469 2336 ·

215 2409 443 2477 exhalationes
470 2411 646 2502 appellare
661 2419 766 2501 patet.
818 2409 906 2476 Nam
932 2409 1026 2496 quod
1053 2408 1145 2474 dicat
1169 2407 1298 2495 aliquis,
1323 2407 1360 2473 in

200 2511 288 2601 ipso
321 2511 449 2581 mundo
482 2535 552 2581 esse
583 2513 709 2591 sidera3
744 2512 931 2602 ¹vaporibus
958 2531 1078 2601 ergo,
1100 2507 1158 2596 qui
1184 2532 1204 2576 e
1229 2508 1358 2575 mundo

89 2686 95 2700 ,
122 2596 133 2613 ⁹
214 2622 351 2699 exeant,
385 2622 537 2683 constare
562 2637 630 2683 non
657 2636 771 2704 posse:
806 2612 841 2679 id
875 2613 1013 2701 quidem
1043 2611 1164 2680 nullius
1195 2609 1359 2678 momenti

214 2735 284 2783 esse
310 2716 509 2806 apparebit,
535 2717 571 2784 si'
588 2716 769 2798 mundum,
795 2707 950 2808 κόσμον,
978 2713 1174 2804 praesertim
1193 2713 1286 2804 apud
1301 2735 1358 2780 se-

213 2817 308 2883 rioris
335 2818 409 2884 aevi
434 2819 633 2908 scriptores,
673 2817 768 2887 haud
794 2837 870 2885 raro
897 2825 1027 2908 partem
1061 2825 1188 2885 tantum
1214 2816 1358 2884 universi

213 2938 325 2983 rerum
355 2918 553 3006 complexus
587 2930 689 3008 atque
722 2919 846 2986 ordinis
878 2918 1067 3010 significare
1097 2918 1357 3002 meminerimus,

212 3026 337 3085 terram
362 3019 506 3088 maxime
531 3043 609 3089 cum
631 3021 859 3091 adiacentibus
884 3021 989 3107 locis,
1016 3029 1054 3088 ut
1078 3021 1183 3088 modo
1205 3021 1358 3088 Alexan-

213 3119 312 3188 drum
337 3119 506 3191 dicentem
530 3123 690 3193 vidimus:
707 3123 847 3214 „primo
873 3123 1016 3191 humida
1041 3131 1182 3194 exeunte
1195 3132 1283 3192 terra
1309 3145 1358 3190 ac

212 3231 283 3292 toto
308 3224 457 3312 mundo,
484 3226 544 3320 qui
570 3229 668 3298 circa
693 3227 810 3318 ipsam
837 3227 923 3300 est.“
973 3225 1072 3310 Quae
1098 3248 1202 3313 quum
1219 3226 1265 3292 ita
1279 3227 1355 3309 sint,

211 3324 247 3392 id
271 3335 399 3395 tantum
424 3350 545 3397 cavere
569 3329 676 3418 volui,
703 3351 807 3419 quum
833 3350 954 3417 parum
969 3339 1124 3396 accurate
1148 3328 1357 3396 Placitorum

212 3429 410 3518 scriptorem
436 3431 548 3498 stellas
574 3431 690 3499 mundi
724 3425 949 3499 exhalationes
976 3431 1166 3520 appellasse
1199 3429 1354 3512 dixerim,

211 3551 253 3596 ne
278 3531 351 3618 quis
376 3531 495 3598 similia
508 3531 662 3602 docuisse
686 3533 878 3626 Diogenem
899 3519 1013 3622 putet,
1040 3555 1080 3601 ac
1094 3531 1355 3621 Xenophanem,

211 3629 268 3716 qui
292 3630 403 3698 stellas
427 3634 474 3700 nil
498 3635 560 3702 nisi
585 3637 708 3726 ignitas
732 3637 838 3704 nubes
864 3657 934 3702 esse
960 3637 1089 3718 statuit,
1116 3657 1238 3723 easque
1262 3654 1356 3721 quo-

211 3733 258 3798 vis
284 3730 341 3798 die
366 3753 481 3802 novas.
531 3737 632 3805 Talia
655 3731 745 3806 enim
771 3759 906 3827 prorsus
925 3736 1034 3804 aliena
1059 3746 1135 3805 sunt
1159 3761 1179 3804 a
1203 3737 1357 3828 Diogeni

211 3833 362 3904 doctriua
375 3828 421 3926 1).
478 3835 637 3911 Ceterum
669 3863 690 3913 a
723 3839 825 3910 stellis
857 3838 978 3908 diversi
1008 3848 1083 3909 sunt
1115 3837 1355 3934 lapidabitur,

252 4119 308 4202 ⁸l)
326 4121 412 4174 Aliam
438 4120 593 4176 demoraris
616 4120 816 4188 explicationem
839 4124 976 4192 amplexor
998 4127 1039 4178 ert
1056 4125 1172 4178 littteras
1195 4139 1223 4176 v.
1240 4123 1273 4176 cl.
1294 4123 1356 4176 ion.

209 4186 309 4242 Phrloe.
331 4208 356 4257 p.
371 4189 415 4254 ot,
432 4191 591 4260 eanquue
608 4191 777 4245 confidentius
794 4191 874 4246 etiem
890 4193 1000 4260 protulit
1014 4194 1042 4246 in
1069 4193 1228 4246 Geschicbte
1243 4193 1268 4247 d.
1286 4191 1357 4244 l’bi-

203 4255 258 4306 tar.
274 4256 355 4340 Tam:
368 4258 390 4310 Ι.
408 4275 433 4324 p.
452 4259 513 4314 221.
548 4263 627 4314 Putat
644 4261 729 4326 enim,
746 4264 836 4315 stellae
853 4264 948 4315 mundo
960 4264 1044 4330 fuisse
1062 4265 1269 4331 spiraculo,per
1283 4277 1358 4328 qnae

210 4323 333 4376 terciaotr
347 4327 501 4380 nrteriarum
516 4331 656 4400 regionum
674 4349 786 4400 vapores
803 4333 836 4386 ed
853 4333 963 4386 aethora
977 4338 1128 4400 penetrent,
1147 4348 1290 4399 rursusque
1307 4346 1359 4383 ae-
