<?xml version="1.0" encoding="UTF-8"?>
<!DOCTYPE html PUBLIC "-//W3C//DTD XHTML 1.0 Transitional//EN"
    "http://www.w3.org/TR/xhtml1/DTD/xhtml1-transitional.dtd">
<html xmlns="http://www.w3.org/1999/xhtml" xml:lang="en" lang="en">
 <head>
  <title>
</title>
<meta http-equiv="Content-Type" content="text/html;charset=utf-8" />
  <meta name='ocr-system' content='tesseract 3.04.00' />
  <meta name='ocr-capabilities' content='ocr_page ocr_carea ocr_par ocr_line ocrx_word'/>
</head>
<body>
  <div class='ocr_page' id='page_1' title='image "./diogenesapollon00panzgoog_0117.png"; bbox 0 0 2966 4990; ppageno 0'>
   <div class='ocr_carea' id='block_1_1' title="bbox 224 432 879 507">
    <p class='ocr_par' dir='ltr' id='par_1_1' title="bbox 224 432 879 507">
     <span class='ocr_line' id='line_1_1' title="bbox 224 432 879 507; baseline -0.011 0"><span class='ocrx_word' id='word_1_1' title='bbox 224 444 288 507; x_wconf 79' lang='lat' dir='ltr'>lte</span> <span class='ocrx_word' id='word_1_2' title='bbox 702 432 806 498; x_wconf 78' lang='lat' dir='ltr'>GAP.</span> <span class='ocrx_word' id='word_1_3' title='bbox 826 438 879 500; x_wconf 73' lang='lat' dir='ltr'>hd-</span> 
     </span>
    </p>
   </div>
   <div class='ocr_carea' id='block_1_2' title="bbox 186 593 1373 3440">
    <p class='ocr_par' dir='ltr' id='par_1_2' title="bbox 186 593 1373 3440">
     <span class='ocr_line' id='line_1_2' title="bbox 224 593 1373 697; baseline -0.008 -20"><span class='ocrx_word' id='word_1_4' title='bbox 224 605 405 696; x_wconf 81' lang='lat' dir='ltr'>superficie</span> <span class='ocrx_word' id='word_1_5' title='bbox 417 627 533 674; x_wconf 86' lang='lat' dir='ltr'>corum</span> <span class='ocrx_word' id='word_1_6' title='bbox 549 603 825 697; x_wconf 76' lang='lat' dir='ltr'>deprehenditur.</span> <span class='ocrx_word' id='word_1_7' title='bbox 876 601 989 687; x_wconf 87' lang='lat' dir='ltr'>Tum,</span> <span class='ocrx_word' id='word_1_8' title='bbox 1014 609 1052 670; x_wconf 91' lang='lat' dir='ltr'>ut</span> <span class='ocrx_word' id='word_1_9' title='bbox 1066 593 1107 668; x_wconf 76' lang='lat' dir='ltr'>er</span> <span class='ocrx_word' id='word_1_10' title='bbox 1119 599 1178 683; x_wconf 84' lang='lat' dir='ltr'>iis,</span> <span class='ocrx_word' id='word_1_11' title='bbox 1203 621 1292 688; x_wconf 90' lang='lat' dir='ltr'>quae</span> <span class='ocrx_word' id='word_1_12' title='bbox 1307 623 1373 668; x_wconf 82' lang='lat' dir='ltr'>er-</span> 
     </span>
     <span class='ocr_line' id='line_1_3' title="bbox 224 703 1371 800; baseline -0.009 -23"><span class='ocrx_word' id='word_1_13' title='bbox 224 711 442 800; x_wconf 80' lang='lat' dir='ltr'>positarum,</span> <span class='ocrx_word' id='word_1_14' title='bbox 467 730 584 778; x_wconf 77' lang='lat' dir='ltr'>musas</span> <span class='ocrx_word' id='word_1_15' title='bbox 603 718 753 800; x_wconf 88' lang='lat' dir='ltr'>repetat,</span> <span class='ocrx_word' id='word_1_16' title='bbox 778 729 839 775; x_wconf 90' lang='lat' dir='ltr'>cur</span> <span class='ocrx_word' id='word_1_17' title='bbox 860 727 1000 800; x_wconf 80' lang='lat' dir='ltr'>magpes</span> <span class='ocrx_word' id='word_1_18' title='bbox 1022 705 1107 793; x_wconf 89' lang='lat' dir='ltr'>lapis</span> <span class='ocrx_word' id='word_1_19' title='bbox 1123 703 1248 769; x_wconf 77' lang='lat' dir='ltr'>serrum</span> <span class='ocrx_word' id='word_1_20' title='bbox 1263 711 1371 769; x_wconf 89' lang='lat' dir='ltr'>attra-</span> 
     </span>
     <span class='ocr_line' id='line_1_4' title="bbox 222 805 1371 902; baseline -0.006 -23"><span class='ocrx_word' id='word_1_21' title='bbox 222 811 302 894; x_wconf 86' lang='lat' dir='ltr'>hat,</span> <span class='ocrx_word' id='word_1_22' title='bbox 327 810 556 879; x_wconf 78' lang='lat' dir='ltr'>demonstrare</span> <span class='ocrx_word' id='word_1_23' title='bbox 582 812 705 902; x_wconf 80' lang='lat' dir='ltr'>pergit</span> <span class='ocrx_word' id='word_1_24' title='bbox 755 810 918 889; x_wconf 81' lang='lat' dir='ltr'>Ferrum,</span> <span class='ocrx_word' id='word_1_25' title='bbox 943 809 1008 889; x_wconf 87' lang='lat' dir='ltr'>ait,</span> <span class='ocrx_word' id='word_1_26' title='bbox 1033 805 1185 887; x_wconf 75' lang='lat' dir='ltr'>trahere,</span> <span class='ocrx_word' id='word_1_27' title='bbox 1211 805 1261 873; x_wconf 91' lang='lat' dir='ltr'>uti</span> <span class='ocrx_word' id='word_1_28' title='bbox 1286 805 1371 872; x_wconf 90' lang='lat' dir='ltr'>reli-</span> 
     </span>
     <span class='ocr_line' id='line_1_5' title="bbox 221 909 1370 1003; baseline -0.005 -23"><span class='ocrx_word' id='word_1_29' title='bbox 221 935 290 1001; x_wconf 79' lang='lat' dir='ltr'>qua</span> <span class='ocrx_word' id='word_1_30' title='bbox 303 911 458 996; x_wconf 83' lang='lat' dir='ltr'>metalla,</span> <span class='ocrx_word' id='word_1_31' title='bbox 484 935 526 980; x_wconf 82' lang='lat' dir='ltr'>ex</span> <span class='ocrx_word' id='word_1_32' title='bbox 545 921 623 980; x_wconf 72' lang='lat' dir='ltr'>aere</span> <span class='ocrx_word' id='word_1_33' title='bbox 641 934 803 1003; x_wconf 76' lang='lat' dir='ltr'>vapores,</span> <span class='ocrx_word' id='word_1_34' title='bbox 828 919 864 978; x_wconf 90' lang='lat' dir='ltr'>et</span> <span class='ocrx_word' id='word_1_35' title='bbox 872 911 958 1001; x_wconf 85' lang='lat' dir='ltr'>plus</span> <span class='ocrx_word' id='word_1_36' title='bbox 974 909 1150 989; x_wconf 82' lang='lat' dir='ltr'>emittere,</span> <span class='ocrx_word' id='word_1_37' title='bbox 1175 929 1278 993; x_wconf 86' lang='lat' dir='ltr'>quam</span> <span class='ocrx_word' id='word_1_38' title='bbox 1296 916 1370 974; x_wconf 87' lang='lat' dir='ltr'>tra-</span> 
     </span>
     <span class='ocr_line' id='line_1_6' title="bbox 221 1011 1369 1103; baseline -0.006 -21"><span class='ocrx_word' id='word_1_39' title='bbox 221 1014 325 1092; x_wconf 88' lang='lat' dir='ltr'>here;</span> <span class='ocrx_word' id='word_1_40' title='bbox 349 1013 503 1103; x_wconf 78' lang='lat' dir='ltr'>lapidem</span> <span class='ocrx_word' id='word_1_41' title='bbox 519 1025 646 1100; x_wconf 85' lang='lat' dir='ltr'>contra,</span> <span class='ocrx_word' id='word_1_42' title='bbox 659 1017 787 1082; x_wconf 88' lang='lat' dir='ltr'>rariore</span> <span class='ocrx_word' id='word_1_43' title='bbox 798 1023 833 1080; x_wconf 90' lang='lat' dir='ltr'>et</span> <span class='ocrx_word' id='word_1_44' title='bbox 844 1023 976 1079; x_wconf 86' lang='lat' dir='ltr'>terrena</span> <span class='ocrx_word' id='word_1_45' title='bbox 988 1011 1097 1100; x_wconf 88' lang='lat' dir='ltr'>magis</span> <span class='ocrx_word' id='word_1_46' title='bbox 1109 1017 1238 1089; x_wconf 85' lang='lat' dir='ltr'>natura,</span> <span class='ocrx_word' id='word_1_47' title='bbox 1263 1029 1369 1094; x_wconf 90' lang='lat' dir='ltr'>quam</span> 
     </span>
     <span class='ocr_line' id='line_1_7' title="bbox 221 1110 1369 1207; baseline -0.008 -23"><span class='ocrx_word' id='word_1_48' title='bbox 221 1118 364 1200; x_wconf 80' lang='lat' dir='ltr'>ferrum,</span> <span class='ocrx_word' id='word_1_49' title='bbox 385 1117 472 1207; x_wconf 80' lang='lat' dir='ltr'>plus</span> <span class='ocrx_word' id='word_1_50' title='bbox 488 1118 674 1186; x_wconf 73' lang='lat' dir='ltr'>attrahere</span> <span class='ocrx_word' id='word_1_51' title='bbox 690 1115 840 1197; x_wconf 87' lang='lat' dir='ltr'>humidi,</span> <span class='ocrx_word' id='word_1_52' title='bbox 865 1135 969 1202; x_wconf 86' lang='lat' dir='ltr'>quam</span> <span class='ocrx_word' id='word_1_53' title='bbox 988 1112 1149 1180; x_wconf 76' lang='lat' dir='ltr'>emittere</span> <span class='ocrx_word' id='word_1_54' title='bbox 1202 1110 1281 1177; x_wconf 87' lang='lat' dir='ltr'>Hoc</span> <span class='ocrx_word' id='word_1_55' title='bbox 1293 1111 1369 1199; x_wconf 90' lang='lat' dir='ltr'>pri-</span> 
     </span>
     <span class='ocr_line' id='line_1_8' title="bbox 222 1211 1366 1310; baseline -0.006 -26"><span class='ocrx_word' id='word_1_56' title='bbox 222 1239 313 1284; x_wconf 88' lang='lat' dir='ltr'>mum</span> <span class='ocrx_word' id='word_1_57' title='bbox 336 1227 403 1299; x_wconf 85' lang='lat' dir='ltr'>est,</span> <span class='ocrx_word' id='word_1_58' title='bbox 437 1219 532 1306; x_wconf 90' lang='lat' dir='ltr'>quod</span> <span class='ocrx_word' id='word_1_59' title='bbox 553 1220 659 1310; x_wconf 89' lang='lat' dir='ltr'>ponit.</span> <span class='ocrx_word' id='word_1_60' title='bbox 710 1219 866 1286; x_wconf 83' lang='lat' dir='ltr'>Alterum</span> <span class='ocrx_word' id='word_1_61' title='bbox 892 1215 980 1284; x_wconf 84' lang='lat' dir='ltr'>hcc:</span> <span class='ocrx_word' id='word_1_62' title='bbox 1005 1213 1158 1304; x_wconf 76' lang='lat' dir='ltr'>lapidem</span> <span class='ocrx_word' id='word_1_63' title='bbox 1183 1211 1240 1298; x_wconf 92' lang='lat' dir='ltr'>id,</span> <span class='ocrx_word' id='word_1_64' title='bbox 1270 1213 1366 1299; x_wconf 91' lang='lat' dir='ltr'>quod</span> 
     </span>
     <span class='ocr_line' id='line_1_9' title="bbox 197 1312 1365 1409; baseline -0.005 -23"><span class='ocrx_word' id='word_1_65' title='bbox 197 1317 212 1342; x_wconf 83' lang='grc'><strong>“</strong></span> <span class='ocrx_word' id='word_1_66' title='bbox 221 1320 284 1386; x_wconf 87' lang='lat' dir='ltr'>sihi</span> <span class='ocrx_word' id='word_1_67' title='bbox 296 1327 479 1409; x_wconf 84' lang='lat' dir='ltr'>cognatum</span> <span class='ocrx_word' id='word_1_68' title='bbox 489 1321 541 1402; x_wconf 83' lang='lat' dir='ltr'>sit,</span> <span class='ocrx_word' id='word_1_69' title='bbox 553 1321 688 1390; x_wconf 88' lang='lat' dir='ltr'>trahere</span> <span class='ocrx_word' id='word_1_70' title='bbox 700 1323 736 1388; x_wconf 90' lang='lat' dir='ltr'>iu</span> <span class='ocrx_word' id='word_1_71' title='bbox 749 1341 854 1406; x_wconf 86' lang='lat' dir='ltr'>seque</span> <span class='ocrx_word' id='word_1_72' title='bbox 860 1318 1029 1409; x_wconf 85' lang='lat' dir='ltr'>recipere3</span> <span class='ocrx_word' id='word_1_73' title='bbox 1052 1312 1145 1404; x_wconf 86' lang='lat' dir='ltr'>quod</span> <span class='ocrx_word' id='word_1_74' title='bbox 1154 1335 1222 1380; x_wconf 92' lang='lat' dir='ltr'>non</span> <span class='ocrx_word' id='word_1_75' title='bbox 1235 1335 1365 1404; x_wconf 90' lang='lat' dir='ltr'>cogna-</span> 
     </span>
     <span class='ocr_line' id='line_1_10' title="bbox 221 1416 1368 1510; baseline -0.006 -22"><span class='ocrx_word' id='word_1_76' title='bbox 221 1429 294 1488; x_wconf 89' lang='lat' dir='ltr'>tum</span> <span class='ocrx_word' id='word_1_77' title='bbox 315 1421 372 1502; x_wconf 84' lang='lat' dir='ltr'>sit,</span> <span class='ocrx_word' id='word_1_78' title='bbox 398 1420 588 1509; x_wconf 89' lang='lat' dir='ltr'>repudiare.</span> <span class='ocrx_word' id='word_1_79' title='bbox 639 1423 798 1510; x_wconf 81' lang='lat' dir='ltr'>Sequitur</span> <span class='ocrx_word' id='word_1_80' title='bbox 818 1421 971 1502; x_wconf 90' lang='lat' dir='ltr'>tertium,</span> <span class='ocrx_word' id='word_1_81' title='bbox 1004 1416 1098 1507; x_wconf 91' lang='lat' dir='ltr'>quod</span> <span class='ocrx_word' id='word_1_82' title='bbox 1121 1417 1235 1505; x_wconf 88' lang='lat' dir='ltr'>ponit:</span> <span class='ocrx_word' id='word_1_83' title='bbox 1258 1416 1368 1505; x_wconf 91' lang='lat' dir='ltr'>lapidi</span> 
     </span>
     <span class='ocr_line' id='line_1_11' title="bbox 186 1519 1367 1611; baseline -0.004 -21"><span class='ocrx_word' id='word_1_84' title='bbox 186 1563 193 1576; x_wconf 94' lang='lat'>·</span> <span class='ocrx_word' id='word_1_85' title='bbox 222 1531 405 1611; x_wconf 89' lang='lat' dir='ltr'>cognatum</span> <span class='ocrx_word' id='word_1_86' title='bbox 420 1545 491 1591; x_wconf 87' lang='lat' dir='ltr'>esse</span> <span class='ocrx_word' id='word_1_87' title='bbox 506 1523 642 1592; x_wconf 84' lang='lat' dir='ltr'>ferrum.</span> <span class='ocrx_word' id='word_1_88' title='bbox 694 1523 766 1592; x_wconf 88' lang='lat' dir='ltr'>Sed</span> <span class='ocrx_word' id='word_1_89' title='bbox 787 1522 822 1588; x_wconf 92' lang='lat' dir='ltr'>in</span> <span class='ocrx_word' id='word_1_90' title='bbox 842 1523 899 1608; x_wconf 86' lang='lat' dir='ltr'>iis,</span> <span class='ocrx_word' id='word_1_91' title='bbox 923 1543 1012 1609; x_wconf 87' lang='lat' dir='ltr'>quae</span> <span class='ocrx_word' id='word_1_92' title='bbox 1022 1529 1223 1608; x_wconf 74' lang='lat' dir='ltr'>sequuntur,</span> <span class='ocrx_word' id='word_1_93' title='bbox 1249 1519 1367 1585; x_wconf 69' lang='lat' dir='ltr'>titium</span> 
     </span>
     <span class='ocr_line' id='line_1_12' title="bbox 224 1618 1367 1708; baseline 0.001 -18"><span class='ocrx_word' id='word_1_94' title='bbox 224 1625 328 1690; x_wconf 90' lang='lat' dir='ltr'>latere</span> <span class='ocrx_word' id='word_1_95' title='bbox 347 1624 494 1692; x_wconf 83' lang='lat' dir='ltr'>videtur:</span> <span class='ocrx_word' id='word_1_96' title='bbox 520 1620 583 1697; x_wconf 75' lang='lat' dir='ltr'>daci</span> <span class='ocrx_word' id='word_1_97' title='bbox 597 1619 644 1697; x_wconf 76' lang='grc' dir='ltr'>τό</span> <span class='ocrx_word' id='word_1_98' title='bbox 657 1618 733 1698; x_wconf 67' lang='lat' dir='ltr'>ord</span> <span class='ocrx_word' id='word_1_99' title='bbox 754 1618 891 1697; x_wconf 76' lang='lat' dir='ltr'>rodaco</span> <span class='ocrx_word' id='word_1_100' title='bbox 911 1627 1025 1696; x_wconf 78' lang='grc' dir='ltr'><strong><em>ἕλιιειι</em></strong></span> <span class='ocrx_word' id='word_1_101' title='bbox 1046 1648 1088 1694; x_wconf 83' lang='grc' dir='ltr'><strong><em>τι</em></strong></span> <span class='ocrx_word' id='word_1_102' title='bbox 1111 1620 1171 1692; x_wconf 87' lang='grc' dir='ltr'><strong><em>ιιαὶ</em></strong></span> <span class='ocrx_word' id='word_1_103' title='bbox 1193 1621 1367 1708; x_wconf 76' lang='grc' dir='ltr'><strong><em>δέχεσθαι</em></strong></span> 
     </span>
     <span class='ocr_line' id='line_1_13' title="bbox 222 1721 1364 1820; baseline -0.006 -25"><span class='ocrx_word' id='word_1_104' title='bbox 222 1729 261 1796; x_wconf 79' lang='grc' dir='ltr'>ἐν</span> <span class='ocrx_word' id='word_1_105' title='bbox 282 1721 385 1820; x_wconf 80' lang='grc' dir='ltr'><strong><em>αὐτῇ.</em></strong></span> <span class='ocrx_word' id='word_1_106' title='bbox 418 1771 421 1779; x_wconf 89' lang='lat'>.</span> <span class='ocrx_word' id='word_1_107' title='bbox 438 1726 531 1811; x_wconf 81' lang='lat' dir='ltr'>Quid</span> <span class='ocrx_word' id='word_1_108' title='bbox 552 1727 666 1796; x_wconf 81' lang='lat' dir='ltr'>enim?</span> <span class='ocrx_word' id='word_1_109' title='bbox 698 1727 787 1811; x_wconf 81' lang='lat' dir='ltr'>Quia</span> <span class='ocrx_word' id='word_1_110' title='bbox 807 1726 893 1816; x_wconf 88' lang='lat' dir='ltr'>lapis</span> <span class='ocrx_word' id='word_1_111' title='bbox 915 1724 1029 1792; x_wconf 89' lang='lat' dir='ltr'>trahat</span> <span class='ocrx_word' id='word_1_112' title='bbox 1051 1732 1085 1790; x_wconf 90' lang='lat' dir='ltr'>et</span> <span class='ocrx_word' id='word_1_113' title='bbox 1103 1725 1139 1790; x_wconf 91' lang='lat' dir='ltr'>in</span> <span class='ocrx_word' id='word_1_114' title='bbox 1158 1745 1195 1789; x_wconf 92' lang='lat' dir='ltr'>se</span> <span class='ocrx_word' id='word_1_115' title='bbox 1212 1721 1364 1811; x_wconf 90' lang='lat' dir='ltr'>recipiat,</span> 
     </span>
     <span class='ocr_line' id='line_1_14' title="bbox 221 1824 1367 1919; baseline -0.001 -28"><span class='ocrx_word' id='word_1_116' title='bbox 221 1825 316 1912; x_wconf 87' lang='lat' dir='ltr'>quod</span> <span class='ocrx_word' id='word_1_117' title='bbox 334 1827 396 1902; x_wconf 79' lang='lat' dir='ltr'>sihi</span> <span class='ocrx_word' id='word_1_118' title='bbox 417 1837 600 1919; x_wconf 86' lang='lat' dir='ltr'>cognatum</span> <span class='ocrx_word' id='word_1_119' title='bbox 622 1831 683 1912; x_wconf 88' lang='lat' dir='ltr'>sit,</span> <span class='ocrx_word' id='word_1_120' title='bbox 707 1828 815 1919; x_wconf 90' lang='lat' dir='ltr'>lapidi</span> <span class='ocrx_word' id='word_1_121' title='bbox 829 1835 1014 1918; x_wconf 89' lang='lat' dir='ltr'>cognatum</span> <span class='ocrx_word' id='word_1_122' title='bbox 1028 1849 1098 1894; x_wconf 89' lang='lat' dir='ltr'>csse</span> <span class='ocrx_word' id='word_1_123' title='bbox 1113 1824 1261 1907; x_wconf 80' lang='lat' dir='ltr'>sermm,</span> <span class='ocrx_word' id='word_1_124' title='bbox 1286 1825 1367 1913; x_wconf 89' lang='lat' dir='ltr'>quia</span> 
     </span>
     <span class='ocr_line' id='line_1_15' title="bbox 223 1926 1364 2020; baseline 0.002 -30"><span class='ocrx_word' id='word_1_125' title='bbox 223 1927 268 1992; x_wconf 88' lang='lat' dir='ltr'>ah</span> <span class='ocrx_word' id='word_1_126' title='bbox 285 1948 327 1992; x_wconf 87' lang='lat' dir='ltr'>eo</span> <span class='ocrx_word' id='word_1_127' title='bbox 339 1927 452 1996; x_wconf 89' lang='lat' dir='ltr'>trahat</span> <span class='ocrx_word' id='word_1_128' title='bbox 463 1931 591 2017; x_wconf 88' lang='lat' dir='ltr'>aliquid</span> <span class='ocrx_word' id='word_1_129' title='bbox 606 1940 641 1998; x_wconf 90' lang='lat' dir='ltr'>et</span> <span class='ocrx_word' id='word_1_130' title='bbox 658 1932 693 1997; x_wconf 89' lang='lat' dir='ltr'>in</span> <span class='ocrx_word' id='word_1_131' title='bbox 713 1954 749 1998; x_wconf 90' lang='lat' dir='ltr'>se</span> <span class='ocrx_word' id='word_1_132' title='bbox 766 1930 931 2020; x_wconf 86' lang='lat' dir='ltr'>recipiat?</span> <span class='ocrx_word' id='word_1_133' title='bbox 956 1928 1095 1997; x_wconf 85' lang='lat' dir='ltr'>Scilicet</span> <span class='ocrx_word' id='word_1_134' title='bbox 1108 1927 1284 2016; x_wconf 90' lang='lat' dir='ltr'>praeclara</span> <span class='ocrx_word' id='word_1_135' title='bbox 1299 1926 1364 1992; x_wconf 87' lang='lat' dir='ltr'>de·</span> 
     </span>
     <span class='ocr_line' id='line_1_16' title="bbox 222 2023 1367 2111; baseline -0.002 -17"><span class='ocrx_word' id='word_1_136' title='bbox 222 2027 434 2094; x_wconf 86' lang='lat' dir='ltr'>monstratio!</span> <span class='ocrx_word' id='word_1_137' title='bbox 458 2031 516 2098; x_wconf 86' lang='lat' dir='ltr'>Tu</span> <span class='ocrx_word' id='word_1_138' title='bbox 529 2032 673 2099; x_wconf 84' lang='lat' dir='ltr'>tidenter</span> <span class='ocrx_word' id='word_1_139' title='bbox 686 2031 811 2101; x_wconf 81' lang='lat' dir='ltr'>scribe:</span> <span class='ocrx_word' id='word_1_140' title='bbox 836 2025 1023 2105; x_wconf 69' lang='lat' dir='ltr'>derivativo</span> <span class='ocrx_word' id='word_1_141' title='bbox 1041 2023 1115 2100; x_wconf 62' lang='lat' dir='ltr'>dno*</span> <span class='ocrx_word' id='word_1_142' title='bbox 1130 2038 1205 2111; x_wconf 80' lang='lat' dir='ltr'>cet,</span> <span class='ocrx_word' id='word_1_143' title='bbox 1231 2038 1268 2095; x_wconf 90' lang='lat' dir='ltr'>ut</span> <span class='ocrx_word' id='word_1_144' title='bbox 1281 2028 1367 2094; x_wconf 85' lang='lat' dir='ltr'>iusta</span> 
     </span>
     <span class='ocr_line' id='line_1_17' title="bbox 221 2127 1365 2220; baseline 0.003 -27"><span class='ocrx_word' id='word_1_145' title='bbox 221 2127 288 2194; x_wconf 88' lang='lat' dir='ltr'>iarn</span> <span class='ocrx_word' id='word_1_146' title='bbox 318 2131 490 2198; x_wconf 85' lang='lat' dir='ltr'>conclusio</span> <span class='ocrx_word' id='word_1_147' title='bbox 510 2132 563 2199; x_wconf 89' lang='lat' dir='ltr'>his</span> <span class='ocrx_word' id='word_1_148' title='bbox 583 2134 695 2201; x_wconf 84' lang='lat' dir='ltr'>verbis</span> <span class='ocrx_word' id='word_1_149' title='bbox 716 2134 933 2202; x_wconf 87' lang='lat' dir='ltr'>contineatur.</span> <span class='ocrx_word' id='word_1_150' title='bbox 985 2132 1094 2220; x_wconf 87' lang='lat' dir='ltr'>Hinc,</span> <span class='ocrx_word' id='word_1_151' title='bbox 1119 2131 1244 2218; x_wconf 89' lang='lat' dir='ltr'>inquit,</span> <span class='ocrx_word' id='word_1_152' title='bbox 1269 2130 1365 2217; x_wconf 92' lang='lat' dir='ltr'>quod</span> 
     </span>
     <span class='ocr_line' id='line_1_18' title="bbox 221 2227 1363 2324; baseline 0.004 -30"><span class='ocrx_word' id='word_1_153' title='bbox 221 2227 309 2318; x_wconf 86' lang='lat' dir='ltr'>lapis</span> <span class='ocrx_word' id='word_1_154' title='bbox 325 2251 366 2297; x_wconf 87' lang='lat' dir='ltr'>ea</span> <span class='ocrx_word' id='word_1_155' title='bbox 379 2239 507 2300; x_wconf 90' lang='lat' dir='ltr'>tantum</span> <span class='ocrx_word' id='word_1_156' title='bbox 525 2234 631 2302; x_wconf 87' lang='lat' dir='ltr'>modo</span> <span class='ocrx_word' id='word_1_157' title='bbox 645 2235 758 2319; x_wconf 84' lang='lat' dir='ltr'>trahit,</span> <span class='ocrx_word' id='word_1_158' title='bbox 784 2257 872 2323; x_wconf 90' lang='lat' dir='ltr'>quae</span> <span class='ocrx_word' id='word_1_159' title='bbox 886 2233 949 2304; x_wconf 89' lang='lat' dir='ltr'>sibi</span> <span class='ocrx_word' id='word_1_160' title='bbox 962 2242 1108 2324; x_wconf 88' lang='lat' dir='ltr'>cognata</span> <span class='ocrx_word' id='word_1_161' title='bbox 1122 2242 1210 2312; x_wconf 63' lang='lat' dir='ltr'>sunm</span> <span class='ocrx_word' id='word_1_162' title='bbox 1235 2231 1363 2299; x_wconf 83' lang='lat' dir='ltr'>ferrum</span> 
     </span>
     <span class='ocr_line' id='line_1_19' title="bbox 220 2332 1364 2426; baseline 0.003 -30"><span class='ocrx_word' id='word_1_163' title='bbox 220 2340 333 2400; x_wconf 85' lang='lat' dir='ltr'>eutem</span> <span class='ocrx_word' id='word_1_164' title='bbox 354 2332 419 2422; x_wconf 81' lang='lat' dir='ltr'>ipsi</span> <span class='ocrx_word' id='word_1_165' title='bbox 442 2346 626 2426; x_wconf 86' lang='lat' dir='ltr'>cognatum</span> <span class='ocrx_word' id='word_1_166' title='bbox 645 2348 711 2419; x_wconf 82' lang='lat' dir='ltr'>est3</span> <span class='ocrx_word' id='word_1_167' title='bbox 747 2336 884 2404; x_wconf 85' lang='lat' dir='ltr'>attrahit</span> <span class='ocrx_word' id='word_1_168' title='bbox 906 2336 1032 2403; x_wconf 82' lang='lat' dir='ltr'>alerro</span> <span class='ocrx_word' id='word_1_169' title='bbox 1048 2344 1204 2402; x_wconf 82' lang='lat' dir='ltr'>exeuntes</span> <span class='ocrx_word' id='word_1_170' title='bbox 1219 2355 1364 2424; x_wconf 86' lang='lat' dir='ltr'>vapores</span> 
     </span>
     <span class='ocr_line' id='line_1_20' title="bbox 220 2433 1363 2530; baseline 0.002 -30"><span class='ocrx_word' id='word_1_171' title='bbox 220 2433 302 2500; x_wconf 87' lang='lat' dir='ltr'>etin</span> <span class='ocrx_word' id='word_1_172' title='bbox 322 2455 357 2500; x_wconf 87' lang='lat' dir='ltr'>se</span> <span class='ocrx_word' id='word_1_173' title='bbox 371 2437 506 2527; x_wconf 84' lang='lat' dir='ltr'>recipit,</span> <span class='ocrx_word' id='word_1_174' title='bbox 532 2448 740 2530; x_wconf 87' lang='lat' dir='ltr'>propterque</span> <span class='ocrx_word' id='word_1_175' title='bbox 756 2439 882 2506; x_wconf 89' lang='lat' dir='ltr'>horum</span> <span class='ocrx_word' id='word_1_176' title='bbox 896 2437 1127 2506; x_wconf 84' lang='lat' dir='ltr'>attractionem</span> <span class='ocrx_word' id='word_1_177' title='bbox 1143 2439 1254 2527; x_wconf 89' lang='lat' dir='ltr'>ipsum</span> <span class='ocrx_word' id='word_1_178' title='bbox 1274 2458 1363 2524; x_wconf 89' lang='lat' dir='ltr'>quo-</span> 
     </span>
     <span class='ocr_line' id='line_1_21' title="bbox 218 2532 1363 2631; baseline 0.003 -30"><span class='ocrx_word' id='word_1_179' title='bbox 218 2555 287 2622; x_wconf 86' lang='lat' dir='ltr'>que</span> <span class='ocrx_word' id='word_1_180' title='bbox 303 2535 430 2604; x_wconf 80' lang='lat' dir='ltr'>sermm</span> <span class='ocrx_word' id='word_1_181' title='bbox 444 2540 542 2610; x_wconf 86' lang='lat' dir='ltr'>simul</span> <span class='ocrx_word' id='word_1_182' title='bbox 556 2540 734 2610; x_wconf 87' lang='lat' dir='ltr'>attrahitur</span> <span class='ocrx_word' id='word_1_183' title='bbox 751 2543 797 2607; x_wconf 94' lang='lat' dir='ltr'>ob</span> <span class='ocrx_word' id='word_1_184' title='bbox 818 2533 1061 2631; x_wconf 84' lang='lat' dir='ltr'>congregatam</span> <span class='ocrx_word' id='word_1_185' title='bbox 1088 2532 1265 2629; x_wconf 74' lang='grc' dir='ltr'>(ἀθρόαν)</span> <span class='ocrx_word' id='word_1_186' title='bbox 1291 2538 1363 2605; x_wconf 87' lang='lat' dir='ltr'>sive</span> 
     </span>
     <span class='ocr_line' id='line_1_22' title="bbox 218 2635 1361 2731; baseline 0.001 -27"><span class='ocrx_word' id='word_1_187' title='bbox 218 2635 381 2707; x_wconf 88' lang='lat' dir='ltr'>maiorem</span> <span class='ocrx_word' id='word_1_188' title='bbox 405 2643 636 2713; x_wconf 83' lang='lat' dir='ltr'>attractionem</span> <span class='ocrx_word' id='word_1_189' title='bbox 651 2642 793 2728; x_wconf 88' lang='lat' dir='ltr'>humidi,</span> <span class='ocrx_word' id='word_1_190' title='bbox 815 2643 911 2731; x_wconf 88' lang='lat' dir='ltr'>quod</span> <span class='ocrx_word' id='word_1_191' title='bbox 927 2642 1025 2709; x_wconf 90' lang='lat' dir='ltr'>estin</span> <span class='ocrx_word' id='word_1_192' title='bbox 1041 2662 1093 2708; x_wconf 93' lang='lat' dir='ltr'>eo.</span> <span class='ocrx_word' id='word_1_193' title='bbox 1144 2640 1284 2708; x_wconf 90' lang='lat' dir='ltr'>Ferrum</span> <span class='ocrx_word' id='word_1_194' title='bbox 1297 2661 1361 2706; x_wconf 91' lang='lat' dir='ltr'>au-</span> 
     </span>
     <span class='ocr_line' id='line_1_23' title="bbox 219 2742 1359 2833; baseline 0.003 -29"><span class='ocrx_word' id='word_1_195' title='bbox 219 2747 288 2805; x_wconf 88' lang='lat' dir='ltr'>tem</span> <span class='ocrx_word' id='word_1_196' title='bbox 310 2762 378 2808; x_wconf 88' lang='lat' dir='ltr'>non</span> <span class='ocrx_word' id='word_1_197' title='bbox 393 2742 474 2810; x_wconf 90' lang='lat' dir='ltr'>item</span> <span class='ocrx_word' id='word_1_198' title='bbox 500 2744 634 2812; x_wconf 88' lang='lat' dir='ltr'>trahere</span> <span class='ocrx_word' id='word_1_199' title='bbox 648 2745 817 2833; x_wconf 89' lang='lat' dir='ltr'>lapidem,</span> <span class='ocrx_word' id='word_1_200' title='bbox 843 2752 1026 2833; x_wconf 90' lang='lat' dir='ltr'>propterea</span> <span class='ocrx_word' id='word_1_201' title='bbox 1042 2743 1136 2831; x_wconf 86' lang='lat' dir='ltr'>quod</span> <span class='ocrx_word' id='word_1_202' title='bbox 1151 2742 1277 2808; x_wconf 87' lang='lat' dir='ltr'>ferrum</span> <span class='ocrx_word' id='word_1_203' title='bbox 1292 2763 1359 2808; x_wconf 90' lang='lat' dir='ltr'>non</span> 
     </span>
     <span class='ocr_line' id='line_1_24' title="bbox 218 2843 1360 2942; baseline 0.004 -38"><span class='ocrx_word' id='word_1_204' title='bbox 218 2846 413 2909; x_wconf 79' lang='lat' dir='ltr'>tam&#39;rarnm</span> <span class='ocrx_word' id='word_1_205' title='bbox 428 2853 488 2926; x_wconf 85' lang='lat' dir='ltr'>est,</span> <span class='ocrx_word' id='word_1_206' title='bbox 512 2856 549 2942; x_wconf 85' lang='lat' dir='ltr'>ut</span> <span class='ocrx_word' id='word_1_207' title='bbox 564 2846 669 2934; x_wconf 84' lang='lat' dir='ltr'>possit</span> <span class='ocrx_word' id='word_1_208' title='bbox 682 2847 833 2935; x_wconf 88' lang='lat' dir='ltr'>recipere</span> <span class='ocrx_word' id='word_1_209' title='bbox 847 2855 1089 2936; x_wconf 81' lang='lat' dir='ltr'>congregatam</span> <span class='ocrx_word' id='word_1_210' title='bbox 1102 2845 1196 2910; x_wconf 89' lang='lat' dir='ltr'>istam</span> <span class='ocrx_word' id='word_1_211' title='bbox 1212 2866 1232 2909; x_wconf 96' lang='lat' dir='ltr'>a</span> <span class='ocrx_word' id='word_1_212' title='bbox 1245 2843 1360 2931; x_wconf 87' lang='lat' dir='ltr'>lapide</span> 
     </span>
     <span class='ocr_line' id='line_1_25' title="bbox 219 2942 1361 3015; baseline 0.006 -11"><span class='ocrx_word' id='word_1_213' title='bbox 219 2948 394 3008; x_wconf 85' lang='lat' dir='ltr'>exeuntem</span> <span class='ocrx_word' id='word_1_214' title='bbox 421 2942 665 3014; x_wconf 90' lang='lat' dir='ltr'>humiditatem.</span> <span class='ocrx_word' id='word_1_215' title='bbox 717 2947 791 3015; x_wconf 90' lang='lat' dir='ltr'>Fac</span> <span class='ocrx_word' id='word_1_216' title='bbox 813 2949 940 3015; x_wconf 81' lang='lat' dir='ltr'>ferrum</span> <span class='ocrx_word' id='word_1_217' title='bbox 967 2947 1117 3015; x_wconf 88' lang='lat' dir='ltr'>emittere</span> <span class='ocrx_word' id='word_1_218' title='bbox 1141 2946 1237 3012; x_wconf 84' lang='lat' dir='ltr'>verbi</span> <span class='ocrx_word' id='word_1_219' title='bbox 1261 2966 1361 3013; x_wconf 90' lang='lat' dir='ltr'>causa</span> 
     </span>
     <span class='ocr_line' id='line_1_26' title="bbox 218 3045 1360 3136; baseline 0.008 -33"><span class='ocrx_word' id='word_1_220' title='bbox 218 3047 362 3126; x_wconf 89' lang='lat' dir='ltr'>quatuor</span> <span class='ocrx_word' id='word_1_221' title='bbox 382 3045 561 3132; x_wconf 86' lang='lat' dir='ltr'>particulas</span> <span class='ocrx_word' id='word_1_222' title='bbox 582 3068 765 3136; x_wconf 88' lang='lat' dir='ltr'>vaporum,</span> <span class='ocrx_word' id='word_1_223' title='bbox 790 3047 926 3116; x_wconf 90' lang='lat' dir='ltr'>trahere</span> <span class='ocrx_word' id='word_1_224' title='bbox 946 3048 1050 3127; x_wconf 84' lang='lat' dir='ltr'>duas3</span> <span class='ocrx_word' id='word_1_225' title='bbox 1075 3046 1225 3136; x_wconf 91' lang='lat' dir='ltr'>lapidem</span> <span class='ocrx_word' id='word_1_226' title='bbox 1244 3057 1360 3116; x_wconf 88' lang='lat' dir='ltr'>contra</span> 
     </span>
     <span class='ocr_line' id='line_1_27' title="bbox 217 3141 1357 3237; baseline 0.007 -31"><span class='ocrx_word' id='word_1_227' title='bbox 217 3141 325 3231; x_wconf 89' lang='lat' dir='ltr'>magis</span> <span class='ocrx_word' id='word_1_228' title='bbox 345 3152 509 3222; x_wconf 71' lang='lat' dir='ltr'>terrem</span> <span class='ocrx_word' id='word_1_229' title='bbox 525 3159 559 3216; x_wconf 86' lang='lat' dir='ltr'>ct</span> <span class='ocrx_word' id='word_1_230' title='bbox 578 3150 739 3217; x_wconf 89' lang='lat' dir='ltr'>rariorem</span> <span class='ocrx_word' id='word_1_231' title='bbox 760 3150 911 3219; x_wconf 87' lang='lat' dir='ltr'>emittere</span> <span class='ocrx_word' id='word_1_232' title='bbox 934 3159 1016 3235; x_wconf 81' lang='lat' dir='ltr'>tres,</span> <span class='ocrx_word' id='word_1_233' title='bbox 1042 3149 1176 3216; x_wconf 89' lang='lat' dir='ltr'>trahere</span> <span class='ocrx_word' id='word_1_234' title='bbox 1199 3150 1357 3237; x_wconf 83' lang='lat' dir='ltr'>quinque,</span> 
     </span>
     <span class='ocr_line' id='line_1_28' title="bbox 218 3243 1357 3341; baseline 0.007 -33"><span class='ocrx_word' id='word_1_235' title='bbox 218 3250 251 3308; x_wconf 88' lang='lat' dir='ltr'>et</span> <span class='ocrx_word' id='word_1_236' title='bbox 263 3243 411 3330; x_wconf 82' lang='lat' dir='ltr'>videbis,</span> <span class='ocrx_word' id='word_1_237' title='bbox 437 3271 506 3337; x_wconf 87' lang='lat' dir='ltr'>quo</span> <span class='ocrx_word' id='word_1_238' title='bbox 520 3260 639 3340; x_wconf 87' lang='lat' dir='ltr'>pacto,</span> <span class='ocrx_word' id='word_1_239' title='bbox 665 3262 703 3319; x_wconf 91' lang='lat' dir='ltr'>ut</span> <span class='ocrx_word' id='word_1_240' title='bbox 716 3253 804 3341; x_wconf 90' lang='lat' dir='ltr'>lapis</span> <span class='ocrx_word' id='word_1_241' title='bbox 825 3253 905 3318; x_wconf 85' lang='lat' dir='ltr'>ferri</span> <span class='ocrx_word' id='word_1_242' title='bbox 920 3273 1063 3340; x_wconf 85' lang='lat' dir='ltr'>vapores</span> <span class='ocrx_word' id='word_1_243' title='bbox 1079 3274 1156 3320; x_wconf 91' lang='lat' dir='ltr'>cum</span> <span class='ocrx_word' id='word_1_244' title='bbox 1171 3251 1357 3337; x_wconf 89' lang='lat' dir='ltr'>iisdemque</span> 
     </span>
     <span class='ocr_line' id='line_1_29' title="bbox 216 3343 1356 3440; baseline 0.006 -31"><span class='ocrx_word' id='word_1_245' title='bbox 216 3343 369 3416; x_wconf 83' lang='lat' dir='ltr'>simulet</span> <span class='ocrx_word' id='word_1_246' title='bbox 391 3349 501 3440; x_wconf 85' lang='lat' dir='ltr'>ipsum</span> <span class='ocrx_word' id='word_1_247' title='bbox 516 3353 641 3421; x_wconf 85' lang='lat' dir='ltr'>ferrum</span> <span class='ocrx_word' id='word_1_248' title='bbox 661 3354 822 3440; x_wconf 88' lang='lat' dir='ltr'>attrahat,</span> <span class='ocrx_word' id='word_1_249' title='bbox 849 3375 983 3424; x_wconf 85' lang='lat' dir='ltr'>necesse</span> <span class='ocrx_word' id='word_1_250' title='bbox 1005 3354 1062 3432; x_wconf 81' lang='lat' dir='ltr'>sit3</span> <span class='ocrx_word' id='word_1_251' title='bbox 1092 3353 1216 3420; x_wconf 84' lang='lat' dir='ltr'>ferrum</span> <span class='ocrx_word' id='word_1_252' title='bbox 1238 3361 1356 3421; x_wconf 89' lang='lat' dir='ltr'>contra</span> 
     </span>
    </p>
   </div>
   <div class='ocr_carea' id='block_1_3' title="bbox 213 3444 1354 3640">
    <p class='ocr_par' dir='ltr' id='par_1_3' title="bbox 213 3444 1354 3640">
     <span class='ocr_line' id='line_1_30' title="bbox 215 3444 1354 3545; baseline 0.009 -38"><span class='ocrx_word' id='word_1_253' title='bbox 215 3444 310 3511; x_wconf 90' lang='lat' dir='ltr'>nullo</span> <span class='ocrx_word' id='word_1_254' title='bbox 344 3451 449 3520; x_wconf 91' lang='lat' dir='ltr'>modo</span> <span class='ocrx_word' id='word_1_255' title='bbox 478 3453 646 3525; x_wconf 86' lang='lat' dir='ltr'>attrahere</span> <span class='ocrx_word' id='word_1_256' title='bbox 681 3455 787 3545; x_wconf 88' lang='lat' dir='ltr'>possit</span> <span class='ocrx_word' id='word_1_257' title='bbox 820 3454 980 3545; x_wconf 88' lang='lat' dir='ltr'>lapidem.</span> <span class='ocrx_word' id='word_1_258' title='bbox 1034 3455 1094 3524; x_wconf 87' lang='lat' dir='ltr'>Sic</span> <span class='ocrx_word' id='word_1_259' title='bbox 1120 3454 1231 3521; x_wconf 91' lang='lat' dir='ltr'>omnia</span> <span class='ocrx_word' id='word_1_260' title='bbox 1262 3455 1354 3520; x_wconf 88' lang='lat' dir='ltr'>clara</span> 
     </span>
     <span class='ocr_line' id='line_1_31' title="bbox 213 3543 426 3640; baseline 0.047 -31"><span class='ocrx_word' id='word_1_261' title='bbox 213 3543 426 3640; x_wconf 82' lang='lat' dir='ltr'>videntur1).</span> 
     </span>
    </p>
   </div>
   <div class='ocr_carea' id='block_1_4' title="bbox 223 3731 432 3750">
    <p class='ocr_par' dir='ltr' id='par_1_4' title="bbox 223 3731 432 3750">
     <span class='ocr_line' id='line_1_32' title="bbox 223 3731 432 3750; baseline 0.005 -6"><span class='ocrx_word' id='word_1_262' title='bbox 223 3731 432 3750; x_wconf 48' lang='lat' dir='ltr'>m..—</span> 
     </span>
    </p>
   </div>
   <div class='ocr_carea' id='block_1_5' title="bbox 208 3855 1475 4426">
    <p class='ocr_par' dir='ltr' id='par_1_5' title="bbox 208 3855 1475 4297">
     <span class='ocr_line' id='line_1_33' title="bbox 280 3855 1341 3934; baseline 0.016 -24"><span class='ocrx_word' id='word_1_263' title='bbox 280 3855 312 3926; x_wconf 85' lang='lat'>1)</span> <span class='ocrx_word' id='word_1_264' title='bbox 328 3857 474 3914; x_wconf 71' lang='lat' dir='ltr'>Alexander</span> <span class='ocrx_word' id='word_1_265' title='bbox 489 3863 609 3934; x_wconf 85' lang='lat' dir='ltr'>deinceps</span> <span class='ocrx_word' id='word_1_266' title='bbox 625 3869 740 3922; x_wconf 73' lang='lat' dir='ltr'>refutare</span> <span class='ocrx_word' id='word_1_267' title='bbox 754 3870 859 3926; x_wconf 81' lang='lat' dir='ltr'>laborat</span> <span class='ocrx_word' id='word_1_268' title='bbox 874 3871 926 3925; x_wconf 80' lang='lat' dir='ltr'>nto</span> <span class='ocrx_word' id='word_1_269' title='bbox 946 3888 1021 3924; x_wconf 87' lang='lat' dir='ltr'>enenr</span> <span class='ocrx_word' id='word_1_270' title='bbox 1037 3871 1095 3924; x_wconf 80' lang='lat' dir='ltr'>hia:</span> <span class='ocrx_word' id='word_1_271' title='bbox 1123 3868 1187 3926; x_wconf 75' lang='grc' dir='ltr'><strong><em>ἄλλ’</em></strong></span> <span class='ocrx_word' id='word_1_272' title='bbox 1210 3869 1237 3924; x_wconf 84' lang='lat' dir='ltr'>al</span> <span class='ocrx_word' id='word_1_273' title='bbox 1258 3870 1341 3927; x_wconf 77' lang='lat' dir='ltr'>redeo</span> 
     </span>
     <span class='ocr_line' id='line_1_34' title="bbox 212 3888 1353 4016; baseline 0.013 -36"><span class='ocrx_word' id='word_1_274' title='bbox 212 3923 287 3982; x_wconf 71' lang='lat' dir='ltr'>tamt</span> <span class='ocrx_word' id='word_1_275' title='bbox 303 3924 376 4013; x_wconf 68' lang='grc' dir='ltr'><strong><em>ιιόιη</em></strong></span> <span class='ocrx_word' id='word_1_276' title='bbox 394 3924 413 3999; x_wconf 83' lang='grc' dir='ltr'><em>ἡ</em></span> <span class='ocrx_word' id='word_1_277' title='bbox 430 3931 512 4016; x_wconf 67' lang='grc' dir='ltr'>λίθοιΙ</span> <span class='ocrx_word' id='word_1_278' title='bbox 529 3929 599 3989; x_wconf 70' lang='lat' dir='ltr'>liure</span> <span class='ocrx_word' id='word_1_279' title='bbox 615 3935 666 3991; x_wconf 77' lang='lat' dir='ltr'>adv</span> <span class='ocrx_word' id='word_1_280' title='bbox 683 3941 809 4007; x_wconf 73' lang='grc' dir='ltr'><strong><em>σίδηρον,</em></strong></span> <span class='ocrx_word' id='word_1_281' title='bbox 826 3941 883 3997; x_wconf 76' lang='grc' dir='ltr'>τοῖο</span> <span class='ocrx_word' id='word_1_282' title='bbox 900 3888 1039 3995; x_wconf 59' lang='lat' dir='ltr'>digittos</span> <span class='ocrx_word' id='word_1_283' title='bbox 1057 3937 1141 3995; x_wconf 75' lang='lat' dir='ltr'>ov&#39;dle</span> <span class='ocrx_word' id='word_1_284' title='bbox 1157 3939 1190 3994; x_wconf 81' lang='lat' dir='ltr'>ed</span> <span class='ocrx_word' id='word_1_285' title='bbox 1209 3910 1353 4008; x_wconf 64' lang='lat' dir='ltr'>caryota}</span> 
     </span>
     <span class='ocr_line' id='line_1_35' title="bbox 212 3991 1475 4093; baseline -0.003 -29"><span class='ocrx_word' id='word_1_286' title='bbox 212 3991 389 4081; x_wconf 56' lang='lat' dir='ltr'>⁰1⁰⁹t⁰fil¹t⁰t</span> <span class='ocrx_word' id='word_1_287' title='bbox 413 3997 459 4054; x_wconf 68' lang='lat'>8⁶2</span> <span class='ocrx_word' id='word_1_288' title='bbox 497 4004 616 4085; x_wconf 59' lang='grc' dir='ltr'><strong><em>θλιββοιι</em></strong></span> <span class='ocrx_word' id='word_1_289' title='bbox 652 4001 754 4078; x_wconf 62' lang='lat' dir='ltr'>alpinos</span> <span class='ocrx_word' id='word_1_290' title='bbox 775 4007 826 4076; x_wconf 70' lang='grc' dir='ltr'>γὰρ</span> <span class='ocrx_word' id='word_1_291' title='bbox 850 4010 897 4064; x_wconf 75' lang='grc' dir='ltr'>καὶ</span> <span class='ocrx_word' id='word_1_292' title='bbox 919 4010 1009 4063; x_wconf 78' lang='grc' dir='ltr'><strong><em>ταῦτα</em></strong></span> <span class='ocrx_word' id='word_1_293' title='bbox 1032 4005 1121 4093; x_wconf 77' lang='lat' dir='ltr'>dypc&#39;e</span> <span class='ocrx_word' id='word_1_294' title='bbox 1138 4009 1185 4064; x_wconf 80' lang='lat' dir='ltr'>acl</span> <span class='ocrx_word' id='word_1_295' title='bbox 1210 4005 1280 4064; x_wconf 75' lang='lat' dir='ltr'>itere</span> <span class='ocrx_word' id='word_1_296' title='bbox 1304 4009 1352 4064; x_wconf 76' lang='lat' dir='ltr'>eal</span> <span class='ocrx_word' id='word_1_297' title='bbox 1474 4049 1475 4060; x_wconf 70' lang='lat'>.</span> 
     </span>
     <span class='ocr_line' id='line_1_36' title="bbox 211 4071 1351 4154; baseline 0.008 -32"><span class='ocrx_word' id='word_1_298' title='bbox 211 4076 414 4154; x_wconf 56' lang='lat' dir='ltr'>“vltWtJtJd</span> <span class='ocrx_word' id='word_1_299' title='bbox 436 4089 471 4123; x_wconf 83' lang='lat' dir='ltr'>aa</span> <span class='ocrx_word' id='word_1_300' title='bbox 507 4088 618 4134; x_wconf 82' lang='grc' dir='ltr'><strong><em>ιοοιοις</em></strong></span> <span class='ocrx_word' id='word_1_301' title='bbox 640 4071 727 4140; x_wconf 74' lang='grc' dir='ltr'><strong><em>ἐστίν,</em></strong></span> <span class='ocrx_word' id='word_1_302' title='bbox 754 4075 844 4146; x_wconf 67' lang='grc' dir='ltr'><strong><em>οἵσπερ</em></strong></span> <span class='ocrx_word' id='word_1_303' title='bbox 868 4077 916 4133; x_wconf 80' lang='lat' dir='ltr'>ael</span> <span class='ocrx_word' id='word_1_304' title='bbox 938 4082 991 4133; x_wconf 75' lang='grc' dir='ltr'>τοῦ</span> <span class='ocrx_word' id='word_1_305' title='bbox 1015 4080 1060 4132; x_wconf 77' lang='lat' dir='ltr'>ced</span> <span class='ocrx_word' id='word_1_306' title='bbox 1080 4095 1132 4145; x_wconf 77' lang='lat' dir='ltr'>pao</span> <span class='ocrx_word' id='word_1_307' title='bbox 1151 4074 1169 4146; x_wconf 79' lang='grc' dir='ltr'><strong><em>ἡ</em></strong></span> <span class='ocrx_word' id='word_1_308' title='bbox 1186 4081 1274 4141; x_wconf 72' lang='grc' dir='ltr'><strong><em>λίθος.</em></strong></span> <span class='ocrx_word' id='word_1_309' title='bbox 1311 4075 1351 4132; x_wconf 80' lang='grc' dir='ltr'><strong><em>ἔτι</em></strong></span> 
     </span>
     <span class='ocr_line' id='line_1_37' title="bbox 210 4129 1351 4230; baseline 0.011 -44"><span class='ocrx_word' id='word_1_310' title='bbox 210 4129 283 4214; x_wconf 67' lang='lat' dir='ltr'>‘lepti</span> <span class='ocrx_word' id='word_1_311' title='bbox 302 4152 354 4222; x_wconf 58' lang='lat' dir='ltr'>cop</span> <span class='ocrx_word' id='word_1_312' title='bbox 371 4139 441 4191; x_wconf 85' lang='grc' dir='ltr'><strong><em>αλλοι</em></strong></span> <span class='ocrx_word' id='word_1_313' title='bbox 456 4135 521 4224; x_wconf 64' lang='lat' dir='ltr'>favel</span> <span class='ocrx_word' id='word_1_314' title='bbox 539 4135 557 4210; x_wconf 84' lang='grc' dir='ltr'><em>ἡ</em></span> <span class='ocrx_word' id='word_1_315' title='bbox 573 4143 655 4205; x_wconf 76' lang='grc' dir='ltr'><strong><em>λίθοι</em></strong></span> <span class='ocrx_word' id='word_1_316' title='bbox 678 4141 749 4200; x_wconf 69' lang='grc' dir='ltr'><strong><em>ἕλκει</em></strong></span> <span class='ocrx_word' id='word_1_317' title='bbox 771 4147 829 4230; x_wconf 59' lang='lat' dir='ltr'>reio</span> <span class='ocrx_word' id='word_1_318' title='bbox 851 4147 987 4215; x_wconf 75' lang='grc' dir='ltr'>στερεῶν,</span> <span class='ocrx_word' id='word_1_319' title='bbox 1018 4140 1038 4201; x_wconf 77' lang='lat' dir='ltr'>o‘l</span> <span class='ocrx_word' id='word_1_320' title='bbox 1056 4148 1157 4216; x_wconf 83' lang='grc' dir='ltr'><strong><em>αφληοι</em></strong></span> <span class='ocrx_word' id='word_1_321' title='bbox 1173 4146 1290 4200; x_wconf 74' lang='grc' dir='ltr'><strong><em>πλείονα</em></strong></span> <span class='ocrx_word' id='word_1_322' title='bbox 1307 4147 1351 4199; x_wconf 81' lang='grc' dir='ltr'><strong><em>λιι-</em></strong></span> 
     </span>
     <span class='ocr_line' id='line_1_38' title="bbox 208 4200 1350 4297; baseline 0.007 -35"><span class='ocrx_word' id='word_1_323' title='bbox 208 4200 301 4280; x_wconf 55' lang='grc' dir='ltr'><strong><em>μᾳδαι</em></strong></span> <span class='ocrx_word' id='word_1_324' title='bbox 329 4222 369 4256; x_wconf 77' lang='lat' dir='ltr'>cv</span> <span class='ocrx_word' id='word_1_325' title='bbox 386 4207 432 4261; x_wconf 84' lang='grc' dir='ltr'>καλ</span> <span class='ocrx_word' id='word_1_326' title='bbox 452 4228 467 4263; x_wconf 94' lang='grc' dir='ltr'><strong><em>ο</em></strong></span> <span class='ocrx_word' id='word_1_327' title='bbox 484 4209 682 4297; x_wconf 33' lang='grc' dir='ltr'><strong><em>χαλκόςιέοιιιν.</em></strong></span> <span class='ocrx_word' id='word_1_328' title='bbox 719 4212 754 4268; x_wconf 78' lang='grc' dir='ltr'>οὕ</span> <span class='ocrx_word' id='word_1_329' title='bbox 778 4235 831 4283; x_wconf 71' lang='grc' dir='ltr'>γορ</span> <span class='ocrx_word' id='word_1_330' title='bbox 854 4215 927 4272; x_wconf 79' lang='grc' dir='ltr'><strong><em>διότι</em></strong></span> <span class='ocrx_word' id='word_1_331' title='bbox 950 4213 1060 4282; x_wconf 72' lang='grc' dir='ltr'><strong><em>ἐμμένει</em></strong></span> <span class='ocrx_word' id='word_1_332' title='bbox 1084 4213 1120 4270; x_wconf 76' lang='grc' dir='ltr'>τοὶ</span> <span class='ocrx_word' id='word_1_333' title='bbox 1143 4211 1276 4281; x_wconf 67' lang='grc' dir='ltr'><strong><em>ἑλκόμενοι</em></strong></span> <span class='ocrx_word' id='word_1_334' title='bbox 1301 4214 1350 4270; x_wconf 72' lang='lat' dir='ltr'>cae</span> 
     </span>
    </p>

    <p class='ocr_par' dir='ltr' id='par_1_6' title="bbox 209 4273 1387 4426">
     <span class='ocr_line' id='line_1_39' title="bbox 295 4279 1387 4359; baseline 0.005 -27"><span class='ocrx_word' id='word_1_335' title='bbox 295 4285 379 4334; x_wconf 67' lang='lat' dir='ltr'>vitem</span> <span class='ocrx_word' id='word_1_336' title='bbox 411 4293 557 4359; x_wconf 49' lang='lat' dir='ltr'>«afflator</span> <span class='ocrx_word' id='word_1_337' title='bbox 574 4298 604 4335; x_wconf 91' lang='lat' dir='ltr'>ro</span> <span class='ocrx_word' id='word_1_338' title='bbox 621 4299 662 4341; x_wconf 83' lang='grc' dir='ltr'>αφ</span> <span class='ocrx_word' id='word_1_339' title='bbox 697 4299 783 4347; x_wconf 76' lang='lat' dir='ltr'>conso</span> <span class='ocrx_word' id='word_1_340' title='bbox 833 4283 891 4339; x_wconf 78' lang='lat' dir='ltr'>iad</span> <span class='ocrx_word' id='word_1_341' title='bbox 909 4283 1076 4348; x_wconf 76' lang='grc' dir='ltr'><strong><em>ἑλκόμενον,</em></strong></span> <span class='ocrx_word' id='word_1_342' title='bbox 1099 4281 1169 4338; x_wconf 72' lang='grc' dir='ltr'><strong><em>ἀλλὰ</em></strong></span> <span class='ocrx_word' id='word_1_343' title='bbox 1187 4281 1261 4338; x_wconf 79' lang='grc' dir='ltr'><strong><em>διότι</em></strong></span> <span class='ocrx_word' id='word_1_344' title='bbox 1276 4279 1352 4338; x_wconf 69' lang='grc' dir='ltr'><strong><em>ἕλκε·</em></strong></span> <span class='ocrx_word' id='word_1_345' title='bbox 1381 4330 1387 4342; x_wconf 92' lang='grc'><em>.</em></span> 
     </span>
     <span class='ocr_line' id='line_1_40' title="bbox 209 4273 734 4364; baseline 0 -49"><span class='ocrx_word' id='word_1_346' title='bbox 209 4280 294 4330; x_wconf 73' lang='lat' dir='ltr'>aqva</span> <span class='ocrx_word' id='word_1_347' title='bbox 400 4277 410 4326; x_wconf 75' lang='lat' dir='ltr'>t</span> <span class='ocrx_word' id='word_1_348' title='bbox 463 4273 480 4331; x_wconf 65' lang='grc' dir='ltr'><em>ε</em></span> <span class='ocrx_word' id='word_1_349' title='bbox 522 4343 530 4364; x_wconf 35' lang='grc' dir='ltr'><em>ι</em></span> <span class='ocrx_word' id='word_1_350' title='bbox 671 4280 680 4304; x_wconf 75' lang='lat'><strong><em>³</em></strong></span> <span class='ocrx_word' id='word_1_351' title='bbox 723 4273 734 4300; x_wconf 63' lang='lat' dir='ltr'><em>z</em></span> 
     </span>
     <span class='ocr_line' id='line_1_41' title="bbox 209 4336 1350 4426; baseline -0.002 -16"><span class='ocrx_word' id='word_1_352' title='bbox 209 4347 262 4386; x_wconf 54' lang='grc' dir='ltr'>ἀι·</span> <span class='ocrx_word' id='word_1_353' title='bbox 296 4336 345 4390; x_wconf 68' lang='lat'>“⁰³²</span> <span class='ocrx_word' id='word_1_354' title='bbox 363 4354 375 4392; x_wconf 76' lang='lat'><strong><em>⁶</em></strong></span> <span class='ocrx_word' id='word_1_355' title='bbox 395 4347 547 4426; x_wconf 60' lang='grc' dir='ltr'>Ᾱθλωξεοθν</span> <span class='ocrx_word' id='word_1_356' title='bbox 564 4366 608 4417; x_wconf 76' lang='grc' dir='ltr'><strong><em>γι,</em></strong></span> <span class='ocrx_word' id='word_1_357' title='bbox 627 4348 666 4406; x_wconf 74' lang='lat' dir='ltr'>dv</span> <span class='ocrx_word' id='word_1_358' title='bbox 682 4350 755 4420; x_wconf 77' lang='grc' dir='ltr'>μηδὲ</span> <span class='ocrx_word' id='word_1_359' title='bbox 771 4351 882 4422; x_wconf 73' lang='grc' dir='ltr'><strong><em>ἐμμένει</em></strong></span> <span class='ocrx_word' id='word_1_360' title='bbox 900 4351 930 4408; x_wconf 76' lang='grc' dir='ltr'>ἐν</span> <span class='ocrx_word' id='word_1_361' title='bbox 948 4354 988 4426; x_wconf 73' lang='grc' dir='ltr'>τῷ</span> <span class='ocrx_word' id='word_1_362' title='bbox 1005 4349 1113 4408; x_wconf 70' lang='grc' dir='ltr'><strong><em>ἕλκοντι</em></strong></span> <span class='ocrx_word' id='word_1_363' title='bbox 1129 4346 1148 4421; x_wconf 81' lang='grc' dir='ltr'><em>ἡ</em></span> <span class='ocrx_word' id='word_1_364' title='bbox 1164 4351 1258 4421; x_wconf 65' lang='lat' dir='ltr'>lapsis,</span> <span class='ocrx_word' id='word_1_365' title='bbox 1277 4347 1350 4408; x_wconf 71' lang='grc' dir='ltr'>ἀλλὰ</span> 
     </span>
    </p>
   </div>
   <div class='ocr_carea' id='block_1_6' title="bbox 0 0 1488 4990">
    <p class='ocr_par' dir='ltr' id='par_1_7' title="bbox 0 0 1488 4990">
     <span class='ocr_line' id='line_1_42' title="bbox 0 0 1488 4990; baseline 0 5"><span class='ocrx_word' id='word_1_366' title='bbox 0 0 1488 4990; x_wconf 95' lang='lat' dir='ltr'> </span> 
     </span>
    </p>
   </div>
  </div>
 </body>
</html>
