2942 4996
185 441 229 506 82
490 463 492 466 ·
599 493 601 498 ,
651 427 775 518 '‘Ddl’.
799 429 868 494 tot·

289 604 375 695 Cap.
401 601 464 678 126.
487 601 571 674 sed
587 599 676 674 haee
687 601 737 672 ,de
752 597 948 692 fragmentis
961 594 995 664 in
1008 593 1194 664 universum
1209 591 1331 684 dispa-

185 718 254 780 tutu
273 707 456 786 sufficiant3
480 707 612 794 reliqua
628 708 662 774 in
679 706 816 797 singolis
834 698 1035 771 adornandis
1058 697 1331 790 explicandisque

186 808 395 901 exponenda.
447 811 487 876 ln
505 808 572 877 hac
586 819 696 876 autem
710 833 748 875 re
763 809 809 874 ita
821 812 968 873 versatus
984 823 1075 884 sum,
1100 811 1137 867 ut
1150 810 1221 866 tum
1235 800 1329 892 frag-

184 920 374 982 mentorum
396 911 481 979 inter
503 935 539 978 se
558 897 699 994 nerium,
726 917 886 999 quantum
910 907 946 972 id
969 904 1041 971 lieri
1064 903 1192 993 potuit,
1218 911 1332 968 osten-

185 1015 267 1082 dere
284 1035 441 1093 conarer3
467 1023 537 1081 tum
557 1037 638 1081 vero
658 1014 801 1081 maxima
823 1010 976 1078 adhibita
996 1027 1076 1074 cura
1091 1005 1125 1072 in
1140 1006 1249 1093 ipsum
1268 1023 1332 1070 eo-

183 1139 260 1185 rum
274 1125 507 1207 argumentum
523 1119 743 1204 inquirerem,
770 1112 805 1180 id
824 1111 1006 1202 praecipue
1022 1117 1187 1198 spectans,
1213 1116 1250 1171 ut
1261 1105 1331 1170 sin-

184 1220 341 1310 gularum
364 1221 599 1285 sententiarum
619 1219 705 1284 ratio
731 1225 765 1284 et
786 1214 945 1305 cognatio
968 1212 1060 1279 clare
1078 1209 1330 1299 perspiceretur.

185 1321 398 1411 Fragmentis
421 1320 502 1408 ipsis
527 1319 724 1414 interposui!
742 1339 799 1399 ea,
832 1338 920 1404 quae
944 1312 1079 1378 aliunde
1098 1311 1142 1376 de
1166 1308 1332 1399 Diogenis

185 1423 338 1492 doctrina
366 1430 570 1504 constarent,
613 1442 674 1488 suo
705 1419 855 1507 quidque
882 1417 982 1496 loeo,
1021 1422 1075 1491 ut,
1110 1419 1269 1498 quantum
1292 1409 1332 1476 id

185 1531 273 1593 n'unc
292 1523 429 1612 quidem
449 1522 579 1610 assequi
600 1533 770 1612 poteram,
797 1543 848 1587 res
863 1518 984 1586 eodem
1008 1514 1125 1581 ordine
1140 1521 1332 1597 tractarem,

185 1649 253 1716 quo
269 1627 352 1693 olim
367 1628 403 1692 in
418 1627 580 1717 Diogenis
595 1627 682 1692 libro
698 1631 858 1693 tractatae
873 1621 973 1687 fuisse
990 1605 1152 1684 videntur.
1204 1613 1282 1696 Qua
1297 1614 1333 1679 in

184 1751 222 1797 re
237 1753 278 1796 eo
300 1716 719 1799 curiosius'elalrorandum
738 1735 825 1809 erat,
851 1744 920 1810 quo
944 1721 1072 1788 maiore
1089 1739 1169 1786 cura
1190 1738 1231 1783 ae
1253 1715 1332 1781 dili-

185 1819 298 1922 gentia
312 1832 503 1921 Diogenem
516 1831 550 1896 in
563 1832 650 1897 libro
671 1853 731 1897 suo
746 1823 984 1917 componendo
1001 1829 1166 1889 versatum
1183 1841 1264 1904 esse,
1289 1837 1332 1884 ex

183 1934 258 2023 ipso
278 1931 418 1998 exordio
436 1953 613 2020 possumus
636 1931 793 2001 divinare.
844 1931 904 1996 Est
918 1935 1029 1994 autem
1044 1924 1122 1992 hoc.

191 2121 400 2136 „nun—n·—

183 2228 318 2293 laudoret,
342 2233 444 2282 tantam
462 2227 489 2280 irr
509 2243 542 2280 en
559 2227 729 2281 describendo
745 2225 865 2281 incuriae
882 2225 1004 2288 indulsit,
1034 2229 1064 2278 nt
1080 2241 1170 2278 amnes
1186 2226 1240 2278 tere
1256 2225 1331 2280 loni-

184 2313 229 2350 cus
245 2299 345 2352 toranus
369 2299 555 2363 pessumdaret.
594 2299 685 2363 Neque
699 2299 765 2349 adeo
783 2298 817 2348 als
835 2297 886 2347 lanc
905 2297 977 2358 loco,
1002 2296 1048 2346 ulri
1065 2295 1230 2364 diligentiam
1255 2312 1331 2348 suana

183 2366 278 2431 iactat,
304 2367 389 2419 omnis
404 2366 582 2434 negligentiae
599 2366 713 2432 suspicio
733 2368 824 2428 obest,
851 2381 931 2430 quum
949 2365 1027 2416 modo
1044 2365 1186 2430 γίγνεσθαι
1202 2364 1332 2432 seriptum

183 2435 233 2501 sit,
251 2438 320 2502 qnod
338 2436 410 2487 houd
428 2436 507 2488 dubie
524 2453 630 2500 rerum,
647 2436 725 2486 modo
741 2437 887 2502 pisander,-
912 2434 990 2485 modo
1007 2432 1115 2502 μηθὲν,
1132 2434 1209 2485 modo
1225 2431 1332 2501 pqdlvs

183 2505 264 2557 semel
280 2505 360 2556 etiam
380 2499 475 2568 ὄντος,
492 2522 574 2571 qaum
591 2505 618 2556 in
636 2504 695 2556 aliis
712 2521 815 2571 semper
832 2500 928 2564 ἐόντος
945 2509 1010 2564 eet,
1037 2504 1107 2569 qarod
1125 2509 1151 2554 et
1169 2502 1224 2568 ipse
1242 2510 1331 2555 tuetur

183 2572 277 2625 iisdem
295 2575 337 2625 his
355 2574 443 2625 verbis
461 2591 487 2641 p.
504 2573 530 2626 ll.
549 2591 573 2626 a.
592 2582 618 2626 et
635 2592 659 2641 p.
681 2573 719 2624 ti.
739 2574 762 2623 tr.
787 2572 919 2638 repetitis3
948 2571 999 2623 nisi
1016 2573 1083 2624 forte
1100 2571 1166 2622 lmec
1183 2571 1271 2624 omnia
1287 2571 1330 2623 irr-

184 2641 282 2694 curiae
291 2643 462 2695 librariorum
481 2643 619 2695 tribuenda
636 2647 703 2693 sant.
738 2641 860 2694 Eiusdem
878 2649 965 2692 autern
983 2639 1009 2691 in
1033 2639 1175 2692 levioribus
1191 2639 1233 2692 his
1252 2642 1331 2693 rebus

183 2711 362 2780 negligentiae
379 2720 513 2778 praeterea
530 2729 592 2763 eum
609 2716 724 2778 argrraot
740 2712 912 2781 Anaxagorae
928 2710 1095 2777 fragmenta,
1119 2725 1231 2775 quorum
1248 2725 1331 2775 quoru

182 2780 309 2848 pleraque
325 2781 429 2845 saepius
447 2782 589 2846 proterret,
608 2781 687 2831 modo
705 2782 929 2844 oovssssudpsvos
946 2777 1045 2844 posuit,
1074 2779 1152 2828 modo
1170 2775 1331 2844 συνενεγκά-

183 2864 282 2915 μενοις
307 2849 386 2899 modo
405 2845 534 2912 σμικρὰς,
559 2849 637 2899 modo
655 2847 772 2911 μικᾳόςς
799 2850 877 2900 modo
895 2841 996 2910 iuotd,
1021 2847 1101 2898 modo
1119 2841 1224 2910 ἑωυτὸς
1251 2847 1330 2900 morlo

184 2909 322 2982 adesam.
340 2916 420 2966 modo
437 2912 574 2980 oddspta3
599 2917 677 2966 modo
694 2913 762 2979 ὅσα,
779 2917 857 2968 ruodo
876 2913 960 2977 doce,
987 2922 1013 2968 et
1029 2916 1082 2968 alia
1099 2916 1179 2968 etiarn
1196 2915 1330 2985 gratiora.

184 2981 284 3036 Omitto
302 2983 468 3048 Empedoclis
483 2992 509 3036 et
531 2984 694 3036 Parmenidis
712 3002 816 3048 versus,
841 2985 869 3036 in
893 2985 988 3054 quibus
1009 2983 1095 3051 ipsum
1117 3001 1194 3050 saepe
1217 2991 1331 3037 metrum

183 3063 245 3104 eum
267 3050 384 3103 incuriae
407 3069 483 3103 reum
509 3052 580 3105 lacit.
616 3053 666 3104 llis
689 3070 753 3104 vero
777 3053 911 3118 disputatis
936 3061 1058 3120 apparet,
1090 3071 1136 3104 nos
1161 3053 1219 3104 iuro
1240 3061 1330 3104 nostro

184 3119 284 3188 egisse,
312 3120 381 3186 quod
398 3119 426 3171 in
443 3121 568 3189 Diogenis
585 3122 740 3188 fragmentis
755 3121 855 3173 lonicae
868 3124 969 3174 lor-mas
985 3122 1171 3174 revocavimus.
1191 3123 1331 3174 ·Ceterunr

183 3189 377 3242 excusationem
394 3188 474 3242 auius
490 3191 668 3258 negligentiae
683 3190 835 3256 Simplicius
851 3192 932 3244 lrabet
948 3192 973 3243 in
991 3209 1031 3254 oo,
1048 3191 1116 3257 quod
1133 3207 1239 3255 prorsus
1255 3191 1330 3242 uliud

184 3259 298 3325 agebat,
327 3275 407 3325 quam
429 3268 459 3312 ut
482 3258 599 3329 singalas
620 3259 784 3328 singulorum
806 3261 947 3313 verborum
976 3261 1077 3312 litteras
1100 3259 1174 3312 notris
1200 3259 1329 3312 redderet.
1369 3323 1370 3328 Ἰ

181 3327 283 3398 Deinde
298 3345 362 3380 vero
378 3327 524 3382 clarissime
541 3328 569 3380 in
585 3329 638 3381 hoe
656 3329 759 3382 ltlelissi
775 3330 923 3398 fragmento
944 3329 1113 3397 perspicitur,
1137 3328 1253 3380 lonicum
1271 3328 1330 3379 diu-

181 3397 278 3450 lectum
296 3413 377 3450 novas
395 3396 449 3450 iam
466 3400 566 3451 formas
582 3398 720 3452 admisisse
736 3399 763 3450 io
781 3399 868 3452 verbis
885 3400 912 3450 in
929 3397 965 3452 ἕω
983 3399 1173 3460 desinentibus,
1189 3398 1217 3449 in
1234 3396 1330 3464 quibos

182 3492 330 3540 constanter
346 3493 570 3574 cosmetae-suat
594 3490 696 3542 formae
719 3489 747 3540 in
764 3507 805 3552 εις
828 3495 998 3552 cassantra,
1024 3489 1163 3557 inquibus
1181 3509 1196 3542 o
1213 3506 1260 3541 seu
1275 3486 1330 3540 elio

181 3573 318 3625 obscurior
333 3577 432 3628 vocalis
448 3578 480 3630 τὸ
497 3598 508 3632 ε
526 3580 659 3645 seqnitur,
687 3582 788 3632 solutae
811 3584 964 3630 serventura
988 3595 1067 3641 quam
1085 3580 1189 3646 quidem
1208 3580 1330 3648 regulam

104 3667 107 3672 ·
181 3640 261 3692 etiam
279 3643 313 3693 ab
330 3643 423 3696 Atticis
438 3653 529 3711 postea
546 3655 678 3698 servatam
695 3665 765 3711 esse,
783 3649 827 3698 sed
844 3646 871 3696 in
887 3645 1026 3711 trisyllabis
1043 3654 1143 3698 tantam
1162 3647 1264 3708 verbis,
1281 3665 1330 3700 no-

180 3714 238 3762 tum
255 3715 302 3760 cst.
337 3712 466 3777 Quamvis
482 3720 570 3766 eutem
588 3714 717 3784 Diogenes
734 3731 899 3766 communem
917 3713 943 3763 in
961 3714 1057 3764 talibus
1080 3730 1156 3763 usum
1178 3713 1332 3768 lonicorum

181 3776 337 3844 scriptorum
354 3784 458 3832 secutus
473 3798 530 3834 esse
547 3783 681 3845 rideatur,
697 3784 750 3835 hoc
766 3791 853 3840 tameo
869 3781 989 3848 exemplo
1007 3797 1154 3846 monemur,
1171 3797 1212 3844 ne,
1230 3789 1331 3837 temere

181 3846 237 3898 eius
253 3846 356 3915 gemme
372 3848 482 3902 vocibus
499 3851 660 3920 corrigendis
675 3851 783 3915 intenti,
810 3850 987 3918 imprudentes
1009 3849 1036 3900 in
1053 3865 1154 3903 errores
1171 3849 1327 3907 incidamus.

181 3917 250 3970 ituro
267 3914 389 3971 Melissus
405 3917 497 3971 eodem
513 3920 569 3973 lere
586 3927 703 3988 temporo
720 3920 799 3986 vixit,
820 3935 873 3989 quo
889 3917 1030 3987 Diogenes.
