2966 4990
570 411 671 478 cau.
697 415 822 480 suar.
1222 413 1287 506 aa¹

123 585 180 654 cui
204 607 290 670 non,
316 583 417 654 etiam
436 584 464 653 si
487 582 553 654 alia
578 593 776 677 argumenta
792 583 926 673 desint,
951 604 1015 674 per
1031 605 1079 652 *se
1097 583 1269 677 facilest

101 687 317 758 intellectu?
341 689 413 758 Sed
439 688 654 758 confirmatur
666 687 853 756 Aristotelis
875 687 1082 771 auctoritate,
1098 688 1165 775 :qui
1186 708 1268 776 pas-

122 791 185 858 sim
212 789 256 858 arl
284 791 454 882 extispicia
479 799 662 881 provocat,
688 813 717 858 e.
734 813 787 882 gr.
807 789 882 857 hist
898 789 1003 856 anim.
1027 787 1063 873 1,
1088 788 1150 875 14,
1171 787 1206 859 a.
1233 789 1268 858 d.

122 900 211 981 part.
227 892 337 960 Anim.
352 893 387 980 3,
400 891 436 961 4.
454 915 491 982 p.
508 889 595 961 523.
614 894 657 966 ib.
672 893 709 976 4,
725 891 758 962 2.
782 901 845 961 cet.
896 891 950 958 Eu
969 891 1008 961 iis
1025 898 1153 977 autem,
1180 913 1269 980 quac

122 996 159 1062 iu
173 994 288 1062 hostiis
300 994 545 1081 observabant,
570 995 671 1066 facile
691 995 724 1062 iu
740 995 932 1062 universum.
949 993 1269 1081 quidemconiicere

121 1103 281 1185 poterant
305 1095 350 1163 de
374 1096 519 1163 hominis
535 1096 753 1164 interioribus
778 1096 947 1187 partibus,
973 1094 1018 1162 de
1044 1118 1156 1190 earum
1175 1096 1268 1186 ligu÷

123 1221 180 1281 ra,
216 1197 334 1265 ordine
360 1206 393 1265 et
418 1199 516 1282 loco,
549 1199 795 1290 magnitudine,
833 1198 966 1281 colore,
998 1204 1059 1272 usu
1092 1208 1268 1288 praeterea

124 1298 323 1389 multiplici,
358 1308 391 1367 et
424 1323 510 1388 quae
536 1301 683 1369 eiusdem
710 1301 842 1393 generis
866 1300 996 1398 reliqua
1021 1308 1126 1367 suut..
1148 1299 1275 1370 Nihilo⁴

122 1401 230 1469 minus
262 1401 336 1469 lieri
368 1424 435 1470 non
468 1403 595 1492 potuit,
633 1403 712 1492 quin
745 1404 821 1471 satis
857 1412 952 1471 curta
978 1411 1011 1468 et
1035 1424 1155 1470 manca
1179 1402 1268 1470 haec

124 1524 240 1570 eorum
267 1525 307 1570 ex
333 1504 530 1572 animalibus
554 1504 623 1572 sive
649 1507 683 1571 in
699 1505 798 1573 sacris
822 1503 1013 1581 immolatis,
1040 1503 1110 1570 sive
1133 1503 1166 1572 in
1181 1525 1267 1590 quo-

122 1605 285 1672 tidianum
309 1607 397 1672 vitae
422 1627 519 1672 usum
540 1607 691 1676 mactatis
715 1605 835 1672 hausta
859 1604 1009 1695 cognitio
1035 1612 1136 1688 esset,
1162 1627 1268 1694 quum

122 1704 191 1774 hac
217 1707 468 1794 opportunitate
493 1727 560 1774 non
586 1707 667 1774 alias
692 1717 821 1798 partes,
857 1707 918 1773 nisi
943 1705 980 1773 id
1005 1728 1084 1775 casu
1110 1707 1267 1790 eveniret,

123 1807 230 1874 oculis
254 1807 426 1890 viderant,
458 1808 519 1874 nisi
544 1809 687 1876 maiores
715 1808 809 1896 illas,
843 1830 930 1896 quae
954 1819 1069 1878 neutro
1093 1809 1268 1880 contineu-

122 1918 186 1977 tur.
235 1909 457 1997 Reliquorum
488 1911 576 1978 euim
602 1910 748 2000 partium
773 1912 827 1978 vix
851 1934 999 2000 uuquam
1031 1912 1065 1978 in
1091 1911 1278 2000 extispiciis.

121 2012 206 2079 ratio
231 2011 348 2079 habita
373 2020 430 2085 est.
485 2012 599 2094 Quare
624 2013 742 2100 quovis
766 2014 832 2081 alio
865 2022 968 2104 pacto
994 2036 1146 2086 mancam
1171 2014 1266 2082 illam

123 2113 350 2204 cognitionem
364 2114 525 2204 supplere
536 2117 645 2185 coacti
660 2124 761 2183 erant.
798 2117 911 2203 Atque
923 2116 957 2183 in
973 2114 1027 2186 his
1042 2116 1131 2183 ultro
1146 2115 1184 2183 iis
1195 2139 1267 2184 sese

22 2279 32 2300 ,
123 2217 246 2284 obtulit
271 2216 478 2307 diligentior
501 2219 636 2286 externi
662 2219 821 2309 corporis
843 2219 989 2286 bumont
1018 2217 1160 2288 babitus
1183 2241 1267 2286 eou-

122 2319 321 2407 templutio‚
349 2342 451 2405 quum
474 2342 514 2385 ex
535 2321 592 2401 iis,
619 2321 755 2408 quaein
775 2321 847 2409 ipsa
863 2321 932 2390 eius
949 2321 1128 2409 superficie
1140 2319 1174 2385 iu
1192 2343 1267 2388 ma-

122 2419 249 2488 cilentis
278 2421 422 2488 maxime
441 2420 633 2490 hominibus
658 2432 850 2507 cernerent,
880 2423 972 2488 velut
993 2443 1131 2502 nervos,
1156 2443 1267 2508 venat,

123 2543 205 2604 ossa,
232 2541 359 2605 carnee,
386 2525 462 2603 alia,
489 2524 533 2589 de
546 2522 825 2592 reconditioribus
840 2522 938 2588 etiam
952 2522 1101 2611 partibus
1117 2520 1268 2591 iudicare

120 2645 220 2714 posse
241 2624 305 2689 sibi
328 2624 529 2692 viderentur.
581 2625 693 2707 Quam
714 2622 852 2710 quidem
873 2646 946 2691 rem
968 2623 1014 2690 ‹le
1034 2622 1125 2690 venis
1149 2624 1268 2692 saltem

123 2725 305 2792 clarissime
327 2731 466 2791 testatur
487 2721 696 2793 Aristotelea
717 2724 792 2792 hist
817 2725 929 2792 Anim.
948 2723 985 2808 3,
1002 2721 1038 2814 2,
1060 2724 1095 2791 2.
1116 2731 1152 2796 οἱ
1168 2726 1206 2797 δὲ
1229 2730 1268 2797 ἑν

122 2829 198 2903 τοῖς
230 2826 525 2952 λιλινιιοομένοις
558 2822 700 2948 σφόδρα
734 2821 1006 2948 ἀνθρώποις-’ἑν
1028 2827 1104 2901 suiv
1131 2827 1267 2908 ἔξωθεν

124 2927 354 3019 φαινομένων
380 2920 445 3006 τοῖς
471 2922 584 3021 οἷρχας
608 2929 681 3001 τῶν
707 2921 850 3056 plastri»
876 2921 1059 3022 διώρισαν.
1111 2929 1169 2996 Ad
1196 2929 1267 2996 hoc

121 3027 214 3094 idem
245 3037 373 3118 spectat
397 3028 442 3098 ib.
473 3051 502 3098 c.
531 3025 567 3111 5,
607 3029 639 3098 l.
676 3037 715 3102 αἱ
743 3032 811 3150 mlv
841 3055 909 3152 γαρ
942 3027 1118 3122 ciritae*
1090 3056 1213 3152 usurp
1227 3035 1266 3104 ἐν

122 3133 200 3207 ταῖς
217 3131 463 3222 γραφομέναις
477 3126 648 3225 turoldum
664 3161 708 3204 το
727 3132 796 3203 τοῦ
813 3125 979 3223 σώματος
998 3135 1121 3220 ἔχουσι
1144 3133 1266 3224 σχῆμα

122 3225 257 3352 neruda
274 3229 398 3320 οὕτως,
414 3229 502 3303 ὥστ
519 3237 556 3306 ἐν
572 3261 648 3314 τοις
665 3228 806 3328 σφόδρα
830 3235 1125 3321 λελεπτιομένοις
1143 3228 1266 3304 πάντα

121 3358 189 3403 νον
215 3330 322 3422 ὄγκον
348 3333 547 3426 φαίνεσθαι
567 3329 681 3430 πλήρη
703 3333 868 3426 plastice.
922 3334 1023 3403 Etd.
1046 3335 1137 3400 Part.
1148 3333 1265 3401 Anim.

123 3433 157 3515 3,
172 3429 206 3505 5.
225 3457 261 3523 p.
279 3431 365 3501 524.
380 3434 438 3502 ubi
456 3435 572 3504 itidem
589 3436 633 3502 de
649 3441 805 3504 venarum
821 3457 884 3524 per
901 3455 1023 3522 corpus
1038 3434 1268 3502 distributione
1297 3455 1300 3462 ⁴

122 3535 286 3622 loquitur·
312 3534 471 3629 γίγνεται
496 3539 534 3610 δε
557 3533 796 3628 κατάδηλον
780 3563 816 3608 ον
839 3541 914 3615 τοῖς
934 3531 1095 3627 μάλιστα
1115 3543 1267 3610 καταλο-

123 3639 386 3729 λινιτυομὲνοις.
413 3636 531 3721 Quid?
548 3639 665 3727 quod
656 3661 733 3730 rpse
748 3638 942 3706 Aristoteles
959 3638 1003 3705 ad
1018 3661 1118 3705 venas
1133 3660 1266 3730 coguo-

124 3737 261 3806 scendas
281 3761 356 3807 usus
378 3749 427 3808 est
447 3744 645 3834 corporibus
664 3741 858 3810 animalium
876 3750 974 3808 antea
998 3741 1031 3807 in
1052 3742 1196 3809 maciem
1214 3752 1267 3808 at-

124 3845 333 3908 tenuatorum
351 3842 639 3935 suffocatioueque
653 3852 848 3914 necaturum
875 3842 966 3932 (hist.
984 3867 1035 3912 an.
1052 3842 1087 3929 3,
1107 3842 1168 3935 1.).

221 4007 310 4098 ¹Cap.
335 4008 395 4082 47.
446 4013 517 4082 Sed
532 4016 709 4085 redeamus
726 4014 770 4083 ad
786 4016 989 4106 Diogenem,
1014 4013 1049 4080 in
1065 4011 1156 4082 cuins
1171 4009 1268 4101 frag--

124 4117 236 4178 mento
259 4112 460 4201 explicando
486 4116 554 4184 dici
576 4142 644 4187 non
668 4107 799 4207 potest,
825 4127 984 4205 quantum
1007 4115 1091 4182 lucis
1113 4111 1268 4197 aflerant,

124 4235 211 4302 quae
228 4215 335 4281 modo
359 4217 579 4306 exposuimus.
629 4222 718 4288 Nam
735 4220 762 4288 si
783 4220 954 4309 ponimus,
979 4216 1169 4306 Diogenem
1193 4239 1266 4282 rna-

124 4315 209 4385 iores
227 4341 329 4386 venas
348 4326 451 4406 atque
464 4320 617 4406 arterias,
641 4345 723 4412 quas
735 4322 842 4391 hodie
858 4327 998 4402 vocant,
1023 4317 1266 4388 inanimalibus
