2942 4996
446 552 451 561 Δ
577 445 679 524 cdl'·
699 451 755 518 12.
767 451 833 518 ,2180
1228 455 1282 528 <la

129 627 274 693 statuere
295 611 440 692 videtur.
487 619 571 706 Quo
593 620 705 712 posito
726 639 830 690 nemo
849 639 930 688 aare
952 617 1031 707 erit,
1055 619 1138 709 quin
1158 617 1281 694 mirum
1303 591 1312 634 ²

128 724 238 794 videri
257 723 435 810 coacedet,
452 723 546 812 quod
563 724 607 792 ab
622 724 820 816 exigua-ista
833 723 953 792 mentis
965 723 1171 816 cognitione,
1191 747 1283 814 quae

126 827 163 898 in
185 817 394 896 Anaximene
417 827 579 909 cernitur,
605 827 650 894 ad
676 849 843 896 summum
867 826 976 894 statim
996 825 1095 894 huius
1117 827 1167 894 rei
1184 827 1280 896 Ana-

126 950 274 1021 xagoras
303 928 491 999 escenderit
520 928 702 1021 fastigium.
753 929 835 998 Hoc
863 929 952 998 enirn
989 951 1053 1020 per
1081 951 1118 998 se
1150 929 1280 1000 clarum

125 1041 197 1117 est,
222 1031 390 1100 neminem
413 1031 459 1099 de
478 1041 592 1100 mente
611 1054 633 1099 a
651 1025 818 1122 corporea
839 1042 955 1100 natura
970 1031 1157 1124 separanda
1178 1031 1279 1124 eogi÷

120 1144 201 1206 ,tare
224 1135 390 1226 potuisse,
417 1133 530 1218 donec
556 1133 625 1202 eius
646 1136 783 1204 virtores
812 1143 847 1204 et
866 1133 1043 1204 facultates
1067 1135 1176 1204 multo
1205 1158 1277 1204 ma-

126 1236 217 1304 iores
246 1246 279 1305 et
306 1237 563 1328 praestantiores
594 1258 682 1321 esse,
715 1237 907 1320 sentiretur,
933 1260 1037 1327 quam
1065 1260 1153 1326 quae
1180 1236 1278 1309 inerti

126 1361 315 1429 corporeae
337 1349 474 1410 naturae
497 1339 590 1406 mole
611 1339 773 1410 contineri
799 1349 945 1431 possent.
998 1339 1104 1424 Quod
1130 1362 1213 1411 vero
1240 1348 1278 1411 ut

124 1442 240 1510 sentiri
260 1450 393 1532 posset,
419 1441 453 1510 in
478 1441 727 1533 diligentiorem
750 1443 818 1510 iam
840 1442 1164 1532 contemplationem
1184 1463 1277 1511 mens

125 1554 247 1612 vocata
271 1545 523 1634 multorumque
544 1545 641 1613 variis
663 1544 778 1612 studiis
808 1554 841 1613 et
869 1544 1153 1613 lucubrationibus
1175 1564 1275 1612 accur

124 1645 228 1714 ratius
251 1648 391 1716 elassis
414 1654 449 1714 et
470 1655 587 1714 natura
607 1657 786 1740 perspecta
808 1645 911 1715 luerit
933 1668 1069 1716 necesse
1092 1653 1174 1720 erat.
1215 1645 1275 1714 In-

123 1747 240 1816 venire
275 1748 364 1816 enim
389 1756 538 1816 mentem
562 1749 774 1835 eandemque
799 1773 820 1815 a
849 1746 989 1815 materia
1016 1746 1181 1831 avellere,
1206 1767 1275 1814 non
1315 1753 1319 1759 '

123 1849 225 1918 unius
253 1847 399 1916 hominis
428 1857 516 1926 erata
547 1849 607 1916 sed
636 1851 802 1918 inventam
831 1859 866 1916 et
891 1857 1106 1940 perspectam
1135 1850 1179 1918 ab
1205 1870 1274 1918 uno

122 1949 265 2018 homine
287 1949 449 2018 materiae
468 1950 608 2020 vinculis
631 1951 809 2020 liberatam
831 1972 921 2036 esse,
953 1949 991 2018 id
1016 1951 1155 2040 quidem
1174 1960 1274 2021 natu·

121 2076 183 2122 rae
203 2061 473 2123 consentaneum.
552 2087 553 2092 κ

225 2221 313 2314 Cap.
340 2219 400 2292 la.
451 2221 505 2289 Ex
540 2219 595 2288 his
625 2220 730 2313 igitur
756 2244 860 2310 quum
894 2222 1013 2314 negari
1045 2227 1210 2314 nequeat,
1252 2245 1274 2291 a

122 2323 290 2414 prioribus
311 2325 381 2392 istis
404 2322 633 2416 physiologis,
660 2323 825 2410 Thalete,
851 2326 1120 2410 Anaximandro,
1143 2326 1273 2396 Anaxi-

123 2449 240 2510 mene,
274 2449 347 2495 rem
373 2427 524 2494 nonduin
554 2448 595 2494 eo
625 2426 806 2496 adductam
836 2427 954 2510 fnisse,
986 2438 1025 2495 ut
1051 2430 1273 2518 Anaxagoras
1384 2463 1386 2473 ·

123 2529 363 2597 nobilissimum
389 2529 475 2596 illud
507 2529 636 2620 dogma
664 2527 708 2593 de
740 2536 853 2596 mente
881 2528 1074 2620 excogitare
1102 2528 1170 2595 iam
1200 2537 1273 2598 tum

122 2633 302 2723 potuissem
341 2654 410 2700 non
438 2639 552 2697 tamen
582 2629 918 2719 praetermittendum
950 2639 1016 2712 est,
1058 2628 1143 2697 alios
1171 2631 1273 2699 etiam

122 2735 247 2802 multos
280 2741 314 2800 et
346 2732 560 2825 gravissimos
589 2728 819 2820 philosophos
848 2729 934 2796 inter
960 2731 1202 2800 Anaximenem
1239 2735 1273 2802 et

120 2837 361 2926 Anaxagoram
385 2834 502 2916 fuisse,
529 2831 754 2899 Heraclitum
775 2831 989 2924 Ephesiam,
1013 2833 1273 2926 Xenophanem

129 2935 398 3028 Colophonium,
432 2933 704 3018 Parmeniden,
737 2933 977 3028 Leucqrpum,
1001 2935 1271 3030 Empedoclem,

122 3037 215 3106 alios.
262 3037 380 3126 ltaque
400 3036 549 3127 quaestio
572 3037 692 3120 oritur,
718 3059 829 3105 annon
851 3037 976 3107 horum
999 3040 1153 3110 acumine
1172 3064 1271 3112 men-

123 3141 164 3209 tis
185 3140 336 3230 cognitio
359 3140 427 3208 iam
452 3161 494 3210 eo
520 3162 626 3228 usque
645 3147 745 3208 aucta
765 3139 884 3224 fuerit,
909 3150 947 3208 ut
964 3142 1185 3232 Anaxagoras
1207 3165 1267 3212 eo-

121 3265 197 3312 rum
221 3242 363 3310 inventis
386 3243 473 3311 nisus
496 3243 550 3309 vel
571 3255 662 3312 certe
684 3242 816 3310 adiutus
840 3242 988 3311 insuam
1011 3245 1199 3313 doctrinam
1218 3243 1271 3320 vi:-

122 3345 195 3415 deri
215 3354 329 3435 posset
351 3343 518 3428 adductus
537 3366 626 3429 esse,
656 3343 784 3410 etiamsi
807 3343 972 3434 Diogenis
994 3344 1218 3436 philosophia
1237 3344 1269 3411 ei

120 3470 187 3516 non
206 3446 309 3516 fuerit
326 3453 417 3515 nota.
468 3444 586 3528 Quare
600 3465 726 3533 operae
744 3444 890 3534 pretium
912 3467 983 3512 esse
1003 3446 1146 3530 videtur,
1170 3445 1268 3537 prio-

120 3573 194 3620 rum
217 3547 506 3642 philosophorum
527 3545 573 3613 de
593 3552 724 3629 mente,
755 3548 825 3614 sive
848 3567 918 3634 quo
948 3546 1015 3615 alio
1036 3530 1268 3616 nomine‘ani·¹

121 3677 196 3722 mae
216 3652 284 3719 vim
306 3660 339 3720 et
362 3658 513 3718 naturam
536 3647 797 3738 appellaverint,
822 3647 996 3720 sententias
1017 3650 1163 3720 breviter
1186 3673 1269 3741 per-

121 3777 265 3825 censere.
318 3753 434 3836 Quum
464 3771 545 3819 vero
571 3750 678 3820 omnis
710 3750 809 3819 animi
834 3749 883 3818 vis
913 3751 1042 3843 duplici
1066 3751 1180 3843 aliquo
1204 3776 1268 3822 ne-

121 3857 219 3948 gotio
242 3855 459 3944 contineatur,
486 3853 605 3936 allero,
631 3861 669 3920 ut
688 3875 724 3920 se
745 3854 857 3943 ipsum
879 3863 1014 3922 moveat
1037 3856 1165 3928 animus
1185 3874 1268 3946 pro-

121 3956 195 4049 pria
216 3956 249 4022 vi
268 3979 308 4024 ac
329 3957 435 4039 vivat,
461 3954 669 4043 ceterisque,
697 3977 785 4045 quae
811 3965 1007 4042 morentur,
1034 3981 1136 4028 causa
1155 3963 1190 4022 et
1211 3951 1268 4022 el'·'

120 4061 229 4128 lector
247 4056 288 4123 sit
307 4057 464 4126 movendi
476 4055 692 4146 vivendique3
718 4056 861 4125 alteram
883 4068 996 4127 autern
1017 4060 1053 4126 iu
1069 4054 1266 4148 cogitando,

120 4158 374 4252 cognoscendo,
397 4159 637 4251 intelligendo,
664 4157 848 4244 sentiendo,
872 4158 1122 4240 ratiocinando,
1147 4177 1266 4226 recor·-

120 4263 232 4332 dando
254 4261 404 4354 positum
424 4263 481 4340 sit3
507 4269 683 4349 utramque
704 4259 826 4329 harum
843 4261 989 4350 partium
1012 4259 1178 4328 veteribus
1195 4259 1264 4330 iant

119 4374 194 4435 ante
211 4365 452 4458 Anaxagoram
472 4361 691 4461 philosophis
710 4363 787 4432 satis
808 4362 1013 4430 intellectam
1033 4359 1136 4432 fuisse
1152 4383 1264 4456 appa·
