2942 4996
262 1531 265 1540 ,
317 1473 1173 1605 consenesce-eumcum.

556 1761 557 1768 ι
631 1761 634 1768 ι
653 1755 860 1782 W

168 1951 243 2060 'Cap
268 1979 296 2041 1.
343 1975 387 2038 he
409 1979 495 2056 patre
523 1983 554 2037 et
575 1981 683 2056 patria·
693 1977 845 2062 Diogenis.
868 2015 911 2029 -
932 1980 1071 2062 Physicis
1094 1959 1318 2046 adnumeratur.

171 2100 242 2178 Cap.
266 2105 313 2162 2..
342 2096 393 2195 lie
414 2103 519 2156 oetote
541 2096 705 2179 Diogenis.
729 2133 772 2146 -
801 2101 927 2183 Lapidis
960 2102 999 2162 ad
1021 2104 1123 2182 Aegos
1145 2103 1257 2164 flumen
1279 2103 1319 2164 de

334 2197 420 2278 e'oeio
442 2197 557 2278 delapsi
579 2199 610 2258 in
632 2203 710 2264 hhro
731 2223 788 2265 suo
799 2203 982 2266 mentionem
997 2201 1125 2268 fecerat.
1143 2239 1185 2252 -
1202 2206 1318 2266 Anaxa-

333 2321 425 2380 gorae
446 2300 590 2402 aequatis.

170 2421 241 2502 Cap.
264 2425 295 2485 a.
337 2395 522 2499 Smyrnaeus
546 2420 697 2518 Diogenes
720 2422 809 2485 atius.

169 2541 286 2621 saa4
287 2541 484 2617 .Quaestio
506 2539 706 2622 proponitur,
736 2543 972 2620 Anaxagoraene
993 2556 1031 2600 an
1052 2493 1197 2616 Diogenis
1218 2535 1318 2618 philo-

332 2642 440 2721 sophia
461 2643 545 2722 prior
571 2641 689 2702 fuerit?

167 2765 279 2845 cap.
262 2787 293 2828 a.
336 2761 486 2824 Veterum
509 2760 549 2821 de
575 2759 634 2818 hac
655 2775 691 2815 re
713 2755 774 2816 ioci
793 2762 1004 2820 recensentur.

166 2885 242 2962 cap.
264 2887 294 2944 6.
337 2879 435 2938 iidem
462 2874 641 2952 acornatins
661 2874 887 2942 examinantur.
924 2895 960 2940 ac
994 2874 1093 2958 primo
1115 2827 1260 2956 quidem
1263 2892 1315 2936 eo-

332 2997 416 3052 rum
442 2977 496 3064 qui
518 2977 691 3056 Diogenem
705 2979 901 3058 Anaxagorae
923 2983 1116 3060 postponant
1159 2977 1225 3038 iios
1246 2994 1316 3036 snc-

331 3079 501 3142 cessiouem
531 3079 618 3158 sequi
645 3079 861 3160 physieomm,
898 3099 957 3160 qua
985 3081 1179 3158 Anaxagoras
1201 3076 1314 3139 Anaxi-

330 3183 412 3245 mcni
433 3182 624 3260 adiungitur,
648 3182 883 3272 demonstratur.
980 3191 983 3196 '

165 3309 241 3387 cap.
263 3309 294 3370 Ἰ.
337 3301 426 3363 Hanc
448 3300 678 3361 successionem
694 3319 762 3360 esse
783 3299 1020 3362 commentitiam
1043 3303 1075 3362 et
1096 3298 1219 3373 fictam.
1240 3317 1314 3378 pan·

328 3403 372 3466 cis
393 3401 574 3464 ostenditur.

166 3528 240 3608 Cap.
262 3530 292 3590 8.
336 3523 455 3601 Exigua
484 3519 577 3599 igitur
605 3517 715 3579 horum
745 3517 921 3580 auctoritas.
972 3515 1039 3580 Nec
1067 3515 1145 3576 tides
1174 3515 1320 3578 habenda,

330 3605 520 3702 Simplicio.
540 3619 591 3699 qui
606 3619 765 3700 pieraque
793 3620 961 3699 Diogenem
985 3637 1025 3680 ex
1054 3619 1251 3698 Anaxagorae
1282 3626 1315 3680 et

328 3721 477 3802 Leucippi
499 3719 635 3783 doctrina
655 3723 795 3784 hausisse
816 3721 982 3785 contendit.

164 3847 238 3928 Cap.
258 3851 290 3911 tt.
335 3839 527 3906 Antisthenis
548 3839 642 3914 ratio,
665 3860 722 3919 qua
743 3835 939 3903 Anaxi‘menis
962 3839 1130 3902 auditorem
1146 3839 1222 3900 iacit
1243 3836 1317 3898 ntes

327 3964 455 4025 genem,
478 3943 681 4016 examinatum
703 3963 802 4022 neque
826 3943 916 4004 huius
932 3959 988 4023 por
1000 3961 1036 4004 se
1057 3947 1214 4023 spectatae
1228 3955 1313 4016 mag-

328 4067 399 4108 nam
419 4065 487 4107 esse
508 4044 736 4118 auctoritatem,
758 4045 991 4106 demonstratur.

163 4169 236 4249 Cap.
259 4171 310 4233 lu.
333 4171 385 4231 11.
415 4165 605 4243 eumque·
620 4183 672 4224 res
697 4166 802 4246 potnit
831 4165 874 4225 ita
893 4163 971 4224 tisri.
1015 4158 1154 4221 Breviter
1177 4157 1311 4237 tangitur

327 4267 489 4346 Augustini
510 4266 604 4340 ratio,
634 4267 685 4345 qui
716 4274 749 4326 ct
778 4267 944 4346 diogenem
968 4268 1001 4322 et
1021 4260 1230 4339 Anaxagoram
1253 4281 1309 4325 au-

327 4373 420 4434 diisse
441 4372 545 4432 statuit
566 4369 790 4432 Anaximenem.
