2942 4996
590 397 692 462 oar.
719 401 771 468 aa.
796 415 808 432 ·’
1231 405 1275 474 ze
1330 419 1334 423 ·

107 565 249 658 ,plinius
265 586 546 640 commemorasse
566 570 630 658 ait,
655 593 691 648 se
710 570 755 638 tle
768 569 926 640 meteoris
946 568 1129 660 scripsisse,
1152 570 1280 662 ln‘quo·

126 670 216 736 libro
236 679 269 737 et
284 671 329 741 sle
339 693 453 742 rerum
468 673 637 764 principio
654 675 763 764 egisse
779 682 812 741 et
832 694 915 742 uero
936 673 1038 742 etiam
1062 673 1113 742 de
1126 671 1273 746 hominis

123 768 300 862 natural).
352 775 452 845 Haec
470 776 500 854 ,si
521 776 706 847 accuratius
726 774 990 862 consideremus,
1021 774 1107 849 falsa
1129 798 1199 844 esse
1219 778 1272 846 res'

122 876 200 966 ipsa
216 874 351 946 indicat.
402 879 492 956 Nam,
505 878 531 945 si
547 901 602 962 ea,
628 900 716 966 quae
734 877 778 946 ad
791 877 1075 969 meteorologiam
1094 877 1281 968 pertinent,

124 974 291 1070 peculiari
307 980 394 1047 libro
408 981 573 1050 tractabat
586 980 759 1072 Diogenes
773 988 875 1072 atque
889 979 1025 1071 insuper
1040 981 1073 1048 in
1089 981 1211 1050 eodem
1228 971 1280 1050 dea

124 1103 240 1170 rerum
259 1082 429 1174 principio
442 1085 568 1176 agebat
583 1091 617 1150 et
632 1083 677 1151 de
693 1080 839 1160 hominis
855 1091 989 1151 natura:
1011 1079 1109 1173 quid,
1135 1103 1278 1172 quaeso,

124 1183 214 1251 libro
239 1183 322 1278 περὶ
344 1177 481 1278 φύσεως
502 1185 657 1256 relictum
675 1185 771 1253 erat?
820 1187 942 1254 Nonne
964 1193 1056 1270 acta,
1091 1193 1128 1253 ut
1146 1185 1272 1270 dicunt,

124 1285 156 1354 ei
174 1285 309 1375 agenda
324 1295 434 1372 erant,
461 1294 494 1355 et
514 1289 616 1380 plane
638 1289 758 1356 eadem
775 1289 810 1356 in
833 1289 940 1355 altero
961 1287 1050 1356 libro
1069 1286 1190 1355 iterum
1213 1277 1280 1356 ex-'

123 1388 305 1479 ponenda,
331 1411 420 1482 quae
440 1391 475 1458 in
495 1390 603 1459 altero
624 1391 690 1458 ianr
717 1390 940 1483 exposuerat?
990 1389 1151 1475 Accedit,
1176 1389 1271 1478 quod

126 1491 180 1558 vir·
199 1489 318 1579 aliquis
338 1501 416 1560 aute
430 1494 619 1562 Aristotelis
636 1503 793 1584 tempora
809 1491 973 1585 peculiari
994 1488 1081 1559 libro
1103 1500 1273 1558 meteoro-

125 1593 256 1683 logiam
276 1595 496 1680 tracuvent,
509 1617 614 1684 quum
632 1597 666 1670 in
686 1618 821 1680 manca,
849 1617 936 1682 quae
955 1601 1027 1666 turn
1048 1601 1136 1678 erat,
1161 1615 1273 1660 rerum

127 1695 360 1763 observatione
379 1697 502 1764 arctius
514 1696 602 1764 lraec
620 1699 733 1784 omnia
751 1718 828 1765 cunr
844 1695 974 1781 reliqua
988 1685 1282 1784 philosophorum

128 1794 283 1862 doctrina
304 1794 541 1882 cohaererent,
573 1820 676 1886 quarn
700 1807 736 1864 ut
758 1798 802 1863 ab
827 1796 895 1863 hac
919 1804 1072 1886 separata
1092 1796 1274 1865 commode

128 1895 290 1984 explicari
304 1906 441 1987 possent
455 1893 501 1987 2).
554 1899 662 1966 Porro
678 1907 748 1966 turn
769 1898 900 1966 Guleni
919 1907 989 1964 turn
1005 1899 1107 1988 ipsius
1124 1896 1272 1990 Simpli-

129 1999 176 2067 cii
189 1995 223 2089 3)
242 1983 432 2067 'testimonio
450 2008 578 2068 certum
594 2010 660 2084 est,
686 2000 876 2090 Diogenem
891 1999 926 2066 in
943 1998 1018 2090 ipso
1034 1999 1116 2094 περὶ
1135 1993 1274 2094 φύσεως

132 2102 218 2168 libro
243 2102 381 2194 copiose
405 2100 450 2169 de
468 2100 614 2169 hominis
637 2111 753 2170 natura
777 2093 902 2193 egisse,
928 2112 1028 2191 atque
1046 2125 1104 2185 ea,
1129 2124 1217 2189 quae
1233 2097 1279 2168 ex‘

127 2203 197 2272 lrao
211 2203 281 2272 eius
297 2204 409 2296 operis
428 2214 525 2295 parte
547 2215 676 2273 servata
697 2212 787 2288 sunt,
813 2201 963 2280 ‹lilucitle
982 2203 1180 2289 ostendunt,
1206 2225 1275 2272 non

128 2304 255 2392 multa,
281 2330 369 2396 quae
389 2306 455 2374 illis
472 2308 680 2398 temporibus
700 2305 754 2374 his
775 2307 857 2389 arldi
875 2307 1075 2396 potuissent,
1100 2307 1202 2373 luisse
1217 2328 1275 2372 re-

129 2409 231 2498 liqua.
281 2413 335 2481 Ex
353 2408 407 2478 his
431 2411 587 2478 omnibus
607 2410 828 2501 perspicitur,
859 2409 1072 2499 Simplicium
1099 2409 1134 2474 in
1161 2427 1275 2474 errore

128 2512 267 2592 versari,
291 2535 394 2602 quum
412 2513 512 2602 plura
530 2513 612 2579 olim
627 2512 790 2602 Diogenis
807 2510 929 2599 scripta
942 2510 1043 2579 luisse
1058 2529 1099 2574 ex
1114 2507 1184 2574 lroo
1195 2508 1275 2576 loco

128 2615 280 2707 colligat.
334 2616 506 2706 Diogenes
525 2622 638 2681 autern
661 2611 732 2680 lroc
755 2610 878 2678 eodem
893 2611 991 2691 loco,
1016 2632 1120 2699 quern
1134 2608 1277 2700 Simpli-

129 2719 202 2788 cius
224 2715 365 2802 excitat,
387 2717 550 2808 gloriatus
576 2715 677 2792 fuisse
705 2713 855 2801 videtur,
887 2722 971 2802 quot
995 2721 1201 2803 quantasque
1223 2711 1285 2788 res¹

129 2823 165 2890 iu
187 2842 296 2912 opere
312 2838 372 2885 suo
392 2815 598 2900 tractaverit,
625 2826 659 2885 et
674 2814 824 2905 inprimis
843 2815 986 2884 multum
1008 2814 1070 2883 silri
1090 2813 1200 2882 laudis
1215 2814 1278 2881 tri-

129 2923 260 3006 buisse,
286 2918 380 3010 quod
402 2919 447 2988 (le
467 2918 613 2988 hominis
643 2929 761 2987 natura
786 2918 972 2988 accuratius
1001 2917 1141 3010 egisset:
1173 2937 1278 3005 quarn

130 3022 272 3113 quidem
292 3045 365 3090 rem
381 3023 508 3112 primus
521 3021 555 3099 in
576 3021 725 3090 medium
746 3019 944 3111 produxisse
963 3020 1111 3090 rideturr
1137 3019 1205 3092 sive
1219 3017 1279 3088 lric

14 3191 15 3194 ,
131 3128 228 3219 locos
243 3145 311 3194 uno
331 3135 449 3194 tenore
460 3125 496 3194 in
510 3124 578 3194 line
592 3125 669 3196 libri
686 3125 873 3196 ouDocatus
884 3131 967 3210 erat,
992 3123 1088 3212 quod
1104 3121 1279 3194 Schleier·

132 3316 344 3330 *μ

202 3428 234 3496 1)
251 3425 293 3481 lle
309 3423 368 3491 qais
386 3422 452 3476 duur
466 3421 520 3474 hoe
536 3422 595 3474 loeo
611 3418 694 3472 lllrres
709 3417 761 3471 diei
778 3418 907 3488 opinetarr,
925 3418 1037 3472 alterum
1054 3415 1281 3486 meteorolcghm,

46 3499 48 3506 ⁴
132 3499 245 3552 alterurn
264 3496 298 3548 rie
313 3491 428 3546 hominis
444 3499 552 3554 aetum,
581 3505 663 3555 quoru
685 3486 783 3540 mirum
806 3487 890 3540 rideri
932 3486 1011 3552 ursit,
1033 3493 1089 3540 tam
1107 3486 1223 3540 diversas
1238 3502 1283 3540 rer

132 3567 282 3634 Diogenem
299 3563 327 3616 io
343 3563 435 3614 eodem
451 3560 521 3612 lilrro
537 3558 701 3625 exposuisses
730 3555 787 3624 ipae
803 3554 913 3622 simplic
925 3573 955 3608 us
970 3554 1107 3624 particulis
1122 3553 1170 3610 ael
1185 3555 1282 3621 placor

134 3635 181 3692 ael
197 3636 216 3688 i.
234 3653 259 3689 e.
276 3641 303 3688 et
318 3647 379 3684 uero
396 3632 448 3683 hoc
465 3630 563 3691 atium,
587 3625 738 3696 siguificare
753 3625 865 3688 videtur,
892 3641 949 3678 reru
966 3642 1022 3678 rese
1038 3625 1125 3682 uisura
1141 3623 1237 3678 miram
1254 3629 1282 3678 at

135 3721 215 3772 quarn
237 3720 291 3758 uon
315 3697 513 3772 exspectaveris.
555 3695 596 3748 ci.
623 3696 713 3764 Simpl.
738 3694 772 3748 ad
789 3695 870 3764 Plrys,
887 3711 914 3760 p.
930 3693 976 3748 88.
993 3694 1018 3748 ir.
1041 3712 1068 3762 p.
1086 3692 1131 3748 85.
1148 3694 1175 3752 b,
1211 3695 1280 3748 Har.

137 3773 249 3841 Apolog.
265 3771 385 3856 Socap.
402 3768 447 3823 li.
463 3768 489 3824 ul.
512 3765 605 3830 Steplr.
625 3765 642 3831 (
647 3783 673 3832 p.
689 3763 733 3818 uu.
751 3763 838 3832 liei.)
862 3763 967 3833 Theop,
984 3781 1011 3831 p.
1028 3762 1090 3818 127.
1106 3764 1133 3818 b.
1157 3765 1202 3832 (p.
1218 3761 1281 3816 Μ.

137 3841 227 3908 seu.)
245 3841 372 3894 Ducant·
389 3839 423 3892 ir.
441 3837 467 3892 8.
484 3852 529 3904 ap.
549 3835 699 3892 Schlererrn.

207 3924 239 3991 2)
254 3924 312 3976 Non
329 3941 435 3991 vercor,
452 3939 486 3974 ne
499 3919 558 3989 quis
573 3917 655 3986 ipsius
674 3915 820 3972 Ariamlelia
834 3915 922 3970 verbio
939 3917 1080 3984 abutatur,
1102 3921 1132 3969 at
1147 3919 1208 3998 ante
1222 3910 1281 3964 ars-

140 3994 260 4048 rtotelern
284 3992 366 4045 libros
390 3994 422 4044 rie
444 3988 569 4044 melenriu
593 3987 674 4040 luisse
695 3987 815 4040 eueniat
830 3987 941 4040 Meteon
959 3985 986 4046 l,
1003 3987 1029 4039 1.
1055 3980 1153 4040 ternio
1176 3983 1193 4036 ἃ
1225 3975 1282 4034 luel

140 4061 225 4134 μέρος
241 4054 343 4146 ταύτῃ)
359 4060 408 4128 τῆς
423 4056 551 4128 μεθόδου
569 4054 610 4112 ἔτι
632 4053 807 4126 θεωρητέον,
839 4047 856 4108 ὃ
872 4051 973 4118 πάντες
991 4054 1020 4138 ο)
1035 4051 1169 4122 πρότεροι
1183 4065 1283 4116 peren·

143 4132 274 4201 octuplos
290 4129 415 4184 lautum.
449 4129 550 4182 Noruea
565 4126 636 4180 enim
653 4132 681 4179 et
695 4123 855 4192 semipsum
872 4119 1062 4190 antiqniontrua
1077 4119 1157 4174 ulam
1174 4118 1284 4187 plurale

142 4201 212 4270 logis
228 4207 319 4253 aotam
336 4197 430 4262 luisse,
453 4213 530 4252 reno
546 4194 670 4264 negabita
694 4194 740 4247 acal
756 4195 809 4246 hoe
825 4193 886 4246 inula
902 4209 954 4246 nou
970 4189 1104 4257 requitur,
1129 4188 1180 4243 hu
1196 4205 1239 4242 rer
1254 4191 1285 4242 ul

143 4276 289 4339 reparatam
306 4264 429 4337 physices
444 4271 546 4332 partem
562 4265 643 4318 larissa
659 4267 793 4317 tractam

210 4340 244 4407 ὅ)
265 4339 357 4392 (iuteo.
373 4335 408 4389 11.
424 4332 451 4386 la
467 4331 545 4400 Epiri.
560 4333 689 4401 Hippocr.
704 4339 772 4386 tour.
788 4329 820 4385 V.
836 4345 863 4398 p.
881 4325 942 4380 tto.
960 4349 995 4368 -
1019 4325 1134 4396 simplic.
1151 4343 1178 4396 p·
1195 4323 1239 4380 88.
1257 4339 1282 4376 a.
