2966 4990
217 385 280 448 ras
352 434 369 462 ,.
639 411 642 418 -
693 375 793 440 cnr.
820 377 872 444 ro.

321 545 407 638 Cap.
434 539 494 614 ἴθ’.
546 545 639 614 Natis
661 554 774 614 autem
797 544 1016 616 animantibus
1040 543 1263 634 perfectaque
1280 543 1361 611 uui·
1444 599 1445 604 ,

215 649 302 719 versi
330 647 446 718 mundi
467 646 572 731 facie,
613 670 687 715 eam
713 646 856 716 mundus
883 645 1131 714 inclinationem
1156 655 1271 714 nactus
1297 654 1360 728 est,

215 775 317 843 quam
336 749 551 819 nunclrabet
579 748 843 839 Ptrec.11·,8..p
860 747 946 816 398.
981 748 1185 874 Διογένης,
1196 737 1360 868 ’Λναξοέν

216 879 325 947 γορας
347 846 444 938 μειοῖ
463 844 509 922 ad
530 850 705 943 συστῆναι
728 843 796 923 τόν
816 844 952 940 κόσμον
977 847 1036 920 καὶ
1064 875 1111 920 τοι
1138 848 1249 932 ζῶα’
1235 875 1272 920 εκ
1294 847 1361 934 τῆς

215 957 277 1048 γῆς
301 958 483 1044 ἐξαγαγεῖν
507 949 717 1045 ἐγκλιθῆναί
737 977 808 1029 ποις
836 945 902 1021 cdv
926 942 1062 1040 κόσμον
1087 954 1123 1021 ἐκ
1146 949 1217 1018 τοῦ
1240 943 1359 1018 αὐτο-

214 1079 338 1148 μανον
375 1059 471 1132 ἐςτο
463 1047 744 1146 μεσημβρικόν
767 1049 881 1124 αὐτοῦ
904 1053 1031 1158 μέρος
1059 1052 1140 1127 ἴσως
1165 1043 1238 1121 ὑπο
1262 1073 1358 1142 προ-
1446 1117 1447 1122 ,

216 1155 334 1242 νοίας,
362 1161 421 1225 ἵνα
439 1154 464 1224 οἳ
482 1155 550 1244 μέν
566 1181 650 1224 τινα
667 1149 818 1248 ἀοίκητα
842 1155 989 1246 γενηται
995 1204 1010 1238 ,
1037 1146 1114 1222 o‘r'd’
1123 1152 1248 1247 οἰκητα
1241 1143 1447 1241 μέρη

217 1257 287 1332 τοῦ
306 1249 444 1345 κόσμου
459 1281 551 1324 κατα
544 1247 678 1345 ψύξιν
691 1253 751 1324 καὶ
769 1248 967 1347 ἐκπύρωσιν
983 1250 1042 1326 καὶ
1066 1248 1259 1345 ιυκοοισίον
1282 1249 1318 1315 Ιι.
1327 1271 1358 1316 e.

218 1357 382 1424 mundum
413 1356 605 1423 inclinatum
647 1377 719 1422 esse
749 1365 869 1444 sponte
895 1355 930 1420 in
963 1353 1180 1420 meridianam
1213 1359 1358 1441 partem,

218 1459 338 1526 mentis
358 1456 500 1524 fortasse
522 1453 732 1543 providentia
755 1456 801 1521 ita
822 1453 1091 1542 administrante,
1117 1464 1154 1520 ut
1177 1453 1262 1520 aliae
1286 1453 1359 1519 eius

218 1560 346 1650 plagae
372 1556 606 1625 inhabitabiles
630 1565 753 1640 essent,
779 1557 865 1624 aliae
889 1553 1090 1648 habitabiles
1113 1577 1176 1646 per
1196 1555 1303 1644 frigus
1325 1560 1362 1619 et

219 1661 389 1728 fervorem
421 1669 455 1727 et
484 1658 660 1746 aequabile
692 1657 780 1726 coeli
809 1657 1119 1747 temperamentum.
1184 1655 1361 1740 Quaenam

221 1771 332 1830 autem
346 1761 461 1828 mundi
475 1760 624 1827 conditio
639 1759 749 1844 fuerit,
774 1761 866 1850 prius
880 1781 980 1846 qoam
993 1759 1168 1827 inclinatus
1182 1758 1234 1845 sit,
1259 1757 1362 1824 docet

1441 937 1447 1088 l

221 1863 333 1954 Diog.
354 1863 476 1930 Loiirt.
492 1861 544 1950 (2,
560 1859 600 1950 9)
618 1862 710 1930 cuius
728 1863 848 1946 verba,
875 1862 1025 1948 quamvis
1040 1861 1085 1927 ad
1101 1859 1212 1927 solum
1226 1859 1359 1926 Auam-
1449 1877 1450 1886 ¹

221 1985 342 2053 goram
364 1965 567 2052 pertineant,
593 1972 706 2030 tamen
726 1984 793 2029 non
810 1962 976 2045 dubitari,
1003 1961 1048 2028 ad
1062 1962 1256 2051 Diogenem
1270 1980 1360 2047 quo·

220 2085 287 2152 qne
306 2065 494 2130 transferre.
553 2065 640 2130 Nam
664 2086 767 2151 quum
789 2066 1012 2154 Anaxagorae
1035 2085 1075 2132 ac
1093 2062 1257 2154 Diogenis
1283 2081 1361 2128 sen·

219 2165 342 2234 tentiae
358 2165 392 2230 in
404 2163 606 2230 Placitorum
623 2166 716 2247 loco,
730 2186 832 2252 quem
848 2165 952 2232 modo
967 2165 1186 2249 laudavimus,
1208 2165 1243 2230 in
1256 2184 1362 2230 unum
1450 2172 1451 2190 ¹

221 2267 420 2337 coniunctae
449 2265 674 2353 reperiantur,
713 2287 782 2332 non
806 2267 926 2356 iniuria
954 2266 1034 2333 inde
1069 2267 1188 2357 colligi
1215 2265 1360 2352 videtur,

221 2369 353 2456 utrique
369 2367 421 2434 'de
444 2365 512 2434 bac
528 2389 564 2434 re
581 2369 635 2434 'vel
655 2366 774 2434 eadem
786 2369 838 2434 vel
855 2367 975 2434 similia
995 2376 1086 2436 certe
1107 2368 1285 2459 placuisse,
1311 2374 1360 2448 ut,

220 2469 341 2557 siquid
361 2469 450 2535 forte
470 2467 513 2533 ad
530 2468 635 2536 solam
659 2469 793 2536 alterius
808 2469 976 2556 utriusque
987 2469 1180 2538 sententiam
1192 2470 1360 2538 illustran-

222 2570 302 2637 dam
319 2569 431 2637 afferri
445 2569 568 2658 possit,
596 2570 707 2651 idem,
735 2570 816 2636 dum
829 2569 936 2636 modo
950 2581 1049 2640 caute
1069 2571 1295 2653 adhiheatur,
1314 2568 1361 2636 ad

223 2669 356 2740 alterius
391 2671 586 2738 sententiam
623 2671 857 2761 explicandam
893 2671 1054 2740 idoneum
1094 2696 1166 2741 esse
1198 2671 1359 2740 rideatur.

222 2774 396 2862 Diogenes
416 2771 520 2862 igitur
541 2773 692 2839 Laertius
713 2772 819 2839 habet
846 2767 1052 2846 1120ch
1077 2770 1169 2845 δὲ
1143 2799 1262 2891 corpo
1282 2797 1353 2846 ,κατ

223 2869 337 2991 ἄρχοις
360 2873 429 2961 μὲν
456 2874 652 2952 θολοειδῶς
683 2873 896 2995 ἑνιχθηναι,
943 2871 1035 2946 ὥστε
1072 2867 1169 2946 aava?
1199 2898 1362 2968 κοροφην

222 2971 287 3065 τῆς
319 2971 382 3066 γῆς
414 2996 481 3041 τον
515 2968 571 3042 c’ri
599 2968 822 3065 φαινόμενον
849 2972 942 3046 εἶναι
966 2969 1129 3062 πόλιν,
1136 2971 1290 3067 ὕστερον
1324 2973 1364 3044 dri
1451 3049 1452 3056 ς

222 3067 291 3166 τήν
317 3073 472 3164 ἔγκλισιν
498 3075 630 3164 λαβεῖν.
682 3073 852 3163 Principio
876 3075 983 3194 igitpr
1004 3074 1146 3144 sidera'
1136 3097 1171 3142 m
1190 3075 1364 3143 tholifor-

223 3197 315 3242 mam
340 3173 549 3255 ferebantur,
574 3175 620 3242 ita
646 3185 682 3243 ut
703 3175 730 3242 is
752 3177 869 3266 polus,
895 3178 954 3265 qui
973 3199 1108 3266 semper
1121 3174 1317 3245 cerniturb.
1331 3196 1362 3242 e.

223 3276 367 3344 arcticus
398 3295 499 3362 supra
530 3275 702 3366 fastigium
725 3285 834 3346 terrae
858 3276 927 3344 eive
957 3300 1059 3368 sopra
1079 3278 1228 3345 mediam
1254 3288 1365 3344 terrae

222 3386 355 3467 partem
381 3377 575 3444 constitutus
598 3387 694 3457 esset3
719 3388 841 3468 postea
861 3399 942 3447 vero
963 3379 1211 3447 inclinationem
1238 3378 1364 3466 adeptu

223 3487 307 3546 sunt.
348 3478 450 3554 2Polo
465 3487 576 3546 autem
592 3481 717 3550 arctico
733 3481 768 3546 in
779 3503 910 3548 summa
923 3481 1012 3548 coeli
1025 3480 1106 3547 sede
1125 3481 1237 3550 locato
1251 3477 1365 3546 sidera

223 3579 350 3646 circum
377 3579 489 3667 ipsam
520 3583 680 3648 versantia
701 3603 870 3669 nunquam
901 3603 1012 3669 neque
1033 3582 1225 3648 oriebantur
1252 3599 1366 3666 neque

224 3677 447 3762 occidebant,
479 3682 539 3747 sed
562 3699 626 3771 pro
652 3704 770 3750 eorum
792 3704 812 3747 a
836 3680 920 3769 polo
948 3682 1103 3749 distantia
1129 3683 1197 3751 sire
1225 3679 1366 3748 maiori-

222 3781 286 3844 bus
301 3778 379 3844 sive.
391 3779 571 3849 minoribus
585 3783 676 3872 gyris
690 3804 796 3870 usque
809 3783 1140 3852 circumferebantur.
1190 3782 1289 3850 Idem
1303 3803 1366 3850 ro·

222 3903 262 3948 ro
280 3878 373 3950 baud
402 3879 505 3950 tlubie
524 3903 636 3952 cursus
655 3885 751 3970 solis,
781 3907 801 3950 a
825 3906 1016 3973 quoquam
1039 3885 1152 3952 omnia
1180 3881 1366 3970 aequaliter

223 3982 512 4068 collustrareotur,
544 3987 697 4054 universa
717 3996 826 4055 terrae
845 3987 1038 4075 superficies
1055 3985 1249 4055 habitabilis
1266 3983 1366 4050 fuisse

224 4083 371 4150 videtum
410 4095 488 4154 nata
511 4087 598 4156 enim
623 4109 665 4157 eo
691 4095 845 4177 tempore
875 4087 1060 4158 animantia.
1113 4086 1271 4171 Quodsi
1296 4085 1366 4152 iarn

225 4202 305 4254 uum
321 4183 389 4254 hac
408 4189 522 4277 prima
542 4189 659 4302 mundi
680 4189 875 4261 conditione
898 4211 1133 4280 comparamus
1156 4209 1253 4275 eam,
1277 4205 1367 4274 quae
1451 4255 1452 4258 ,
