2966 4990
193 343 255 468 lio
676 399 780 464 ΟΛΡ.
808 399 862 468 id·

190 566 312 642 caloris
329 567 490 642 arcersit:
524 591 593 660 quo
618 578 805 660 praecepto
831 590 936 658 saepe
971 566 1141 660 Diogenes
1171 571 1275 640 utitur
1298 574 1334 642 in

126 729 133 752 ,.
190 675 289 742 robus
315 672 527 765 explicandis.
582 672 697 757 Quare
722 694 827 760 quum
852 669 985 738 infantis
1009 691 1150 761 eorpus,
1175 673 1211 740 in
1236 683 1333 744 utero

189 767 303 846 matris
327 776 453 858 fotum,
487 775 601 843 calore
626 775 799 862 perfusum
825 774 884 851 sit;
913 793 1017 858 quum
1043 774 1190 861 primum
1216 785 1334 865 pertus

189 877 357 968 frigidiori
383 876 451 946 seri
478 877 646 965 expositus
672 887 732 958 est,
756 874 870 942 insitus
895 873 960 963 ipsi
985 873 1080 942 calor
1095 876 1334 946 circumfusum

99 981 105 988 “
188 987 301 1046 adrem
327 979 360 1044 in
392 978 571 1068 pulmones
597 977 700 1045 allicit
725 975 817 1064 quasi
845 985 879 1042 ut
903 971 1098 1070 attrahitl),
1156 977 1247 1047 Hine
1276 1002 1334 1047 re·

190 1079 375 1170 spirationis
399 1078 545 1158 initium3
577 1079 612 1145 in
643 1087 740 1146 utero
774 1077 862 1146 enim
892 1076 1024 1167 spiritus
1056 1098 1167 1164 neque
1200 1079 1335 1149 ducitur

191 1183 235 1249 ab
260 1181 385 1249 infante
409 1203 518 1268 neque
544 1181 723 1262 emittitur3
747 1180 827 1247 hino
845 1179 931 1246 vitae
957 1201 1035 1246 vere
1059 1177 1239 1265 humanae,
1252 1181 1335 1252 hine

190 1284 325 1352 rationis
351 1304 469 1362 eausa3
502 1281 582 1349 licet
614 1283 649 1348 in
680 1292 777 1350 utero
811 1282 878 1347 iam
904 1289 1079 1348 moveatur
1104 1281 1233 1366 foetus,
1259 1284 1334 1352 ala-

190 1394 263 1467 tur,
289 1392 425 1453 crescat.
476 1382 579 1465 Quod
612 1383 753 1472 quidem
787 1382 878 1450 clare
915 1382 1026 1449 elucet
1058 1403 1099 1450 ex
1124 1382 1204 1454 his..
1243 1384 1334 1452 Nam

190 1495 324 1574 tempus
350 1483 490 1552 delinire
515 1491 653 1552 conatus
679 1494 727 1551 est
752 1484 941 1574 Diogenes,
974 1479 1043 1572 quo
1068 1486 1180 1552 foetus
1212 1489 1335 1554 maturi

190 1589 328 1672 fierent,
353 1592 506 1654 narrante
537 1585 725 1654 Censorino
751 1585 785 1652 d.
813 1586 871 1654 die
894 1594 962 1652 nat.
988 1608 1017 1656 o.
1044 1584 1110 1652 lxe
1136 1585 1229 1668 „Alii
1252 1588 1335 1678 ple-

191 1690 306 1777 rique,
327 1689 451 1776 inquit,
479 1708 582 1774 quum
608 1709 724 1754 omnes
748 1695 862 1776 partus
885 1708 953 1753 non
979 1707 1048 1754 uno
1071 1694 1228 1776 tempore
1252 1689 1336 1757 fiant

190 1790 329 1878 maturi,
370 1812 436 1857 una
469 1795 581 1856 tamen
615 1789 803 1875 eademque
835 1799 991 1876 tempore
1016 1789 1169 1857 omnibus
1194 1789 1336 1858 confer·-

189 1893 321 1960 mandis
347 1891 530 1972 dederunt,
557 1898 594 1958 ut
618 1891 789 1980 Diogenes
813 1890 1062 1978 Apolloniates,
1093 1892 1152 1978 qui
1177 1893 1362 1963 masculis·

190 1995 238 2059 ait
272 2015 394 2083 corpus
426 2002 570 2079 quatuor
604 1994 771 2059 mensibus
803 1991 942 2058 formari
981 2001 1015 2060 et
1047 1991 1202 2061 foeminis
1232 1994 1335 2082 quiu-

190 2099 291 2182 que.“
349 2093 585 2182 Reprehendit
617 2094 652 2158 in
679 2094 733 2160 his
764 2093 955 2184 Diogenem
988 2093 1204 2178 Censorinus,
1236 2097 1334 2184 quod

189 2195 337 2262 foetibus
368 2195 540 2282 utriusque
581 2217 676 2262 sexus
714 2197 882 2285 fingendis
914 2203 1042 2264 certum
1080 2220 1122 2267 ae
1158 2197 1335 2266 definitum

188 2307 323 2385 tempus
357 2297 578 2378 constituerit,
626 2319 730 2384 quum
761 2319 871 2385 neque
902 2319 1019 2366 omnes
1050 2299 1191 2368 masculi
1220 2300 1333 2368 foetus

190 2399 313 2467 eodem
338 2406 494 2488 tempore
519 2406 759 2482 maturescant,
792 2421 903 2485 neque
928 2400 1098 2468 foeminei.
1147 2400 1219 2469 Sed
1243 2400 1333 2469 iuiu-

188 2502 256 2584 ria,
282 2508 321 2567 ut
344 2500 485 2568 videtur.
538 2500 680 2567 Minime
706 2503 795 2568 enim
820 2501 993 2591 Diogenes
1018 2501 1168 2593 singulos
1198 2505 1334 2591 utrique

81 2603 83 2606 ’
190 2602 282 2670 texui
314 2601 546 2690 comparando
582 2600 660 2668 dies·
686 2600 905 2670 adnumerare
930 2603 1053 2684 voluit3
1090 2604 1151 2673 sed
1188 2604 1332 2690 Galerii,

189 2702 319 2793 quide
352 2703 471 2770 eadem
503 2726 541 2771 re
574 2703 738 2793 disputat,
779 2703 967 2771 testimonio
999 2705 1076 2772 satis
1110 2707 1238 2774 elerum
1270 2715 1332 2793 est,

189 2827 268 2896 eum
293 2803 330 2869 id
357 2805 500 2871 maxime
527 2804 653 2894 egisse,
674 2813 711 2871 ut
728 2805 985 2888 demonstraret,
1013 2807 1169 2898 longiore
1194 2819 1333 2898 tempo·

188 2905 234 2972 ris
258 2906 367 2993 spatio
394 2927 480 2994 opus
505 2927 575 2973 esse
599 2905 644 2991 ad
665 2906 848 2991 masculos,
874 2930 976 2994 quam
995 2907 1041 2974 ad
1055 2908 1239 2978 foemineos
1252 2910 1334 2978 foe-

188 3016 241 3074 tus
265 3007 490 3077 maturandos.
556 3006 626 3074 Sed
653 3029 825 3097 apponam
851 3007 975 3076 Galeui
1004 2997 1139 3094 locum,
1172 3010 1333 3097 quoniam

187 3107 287 3178 simul
314 3129 356 3176 ex
382 3129 423 3176 eo
450 3109 575 3192 elucet,
606 3116 800 3198 temporum
827 3108 1056 3178 definitionem
1081 3111 1175 3200 apud
1200 3111 1333 3180 Censo-

187 3211 297 3277 rinum
320 3231 512 3299 perversam
540 3231 626 3276 esse·
675 3209 802 3279 Galen.
839 3209 873 3278 in
904 3211 981 3278 libr.
1007 3212 1067 3282 1v.
1092 3211 1262 3301 Hippoer.
1293 3213 1329 3279 d.

186 3313 296 3382 morb.
321 3312 415 3402 vulg.
443 3309 575 3378 Gomon.
601 3309 716 3400 lI..p.
744 3309 830 3378 614.
858 3311 912 3378 erl.
937 3313 1013 3382 Lat.
1037 3313 1115 3380 Bas.
1140 3313 1331 3382 MDXLllr

189 3414 406 3501 „quinetiam
421 3412 508 3479 inter
533 3433 647 3479 omnes
672 3414 745 3480 fere
771 3412 923 3481 medicos
947 3421 1075 3481 marem
1089 3435 1190 3501 quam
1204 3414 1330 3480 foemi-

185 3535 264 3580 nam
290 3536 358 3581 non
381 3514 493 3580 solum
519 3512 659 3602 figurari
688 3513 748 3582 sed
781 3516 882 3582 etiam
915 3515 1044 3581 moveri
1069 3515 1167 3585 citius
1188 3521 1329 3589 constet.

186 3613 240 3682 De
264 3613 318 3680 his
343 3623 454 3682 autem
480 3623 514 3681 et
538 3615 572 3680 iu
596 3614 685 3684 libro
719 3614 764 3684 de
789 3617 917 3683 Natura
941 3616 1044 3684 Pueri
1068 3624 1186 3707 aperte
1208 3637 1330 3694 uerre-

191 3822 399 3832 ...a-...—

254 3959 286 4028 l)
294 3961 334 4013 Gi.
342 3959 430 4015 simile
445 3962 495 4014 Em
515 3960 613 4014 edoclir
625 3961 753 4030 placitum
768 3964 842 4018 Plee.
851 3965 871 4019 l.
881 3981 905 4019 e.
920 3957 1117 4036 Ἐμπεδοκλῆς,
1133 3964 1174 4035 μή
1192 3961 1265 4022 εἶναι
1274 3963 1334 4034 μὲν

187 4031 260 4094 cuno
277 4027 309 4082 τό
327 4027 465 4100 ἔμβρυον,
504 4025 542 4083 li'
558 4027 667 4085 ἄπνουν
684 4032 735 4099 (sie
751 4033 822 4086 enim
839 4034 929 4100 utique
945 4035 1117 4103 legendomi)
1141 4029 1278 4103 indolem
1296 4032 1336 4090 iv

187 4099 224 4179 τῇ
236 4100 341 4165 γαστρί·
358 4099 477 4186 medeor
494 4093 667 4165 d’oivoerrvorio
690 4103 743 4155 rori
761 4099 833 4188 ζῶον
850 4103 978 4190 γίνεσθαι
994 4100 1067 4156 κατὰ
1088 4100 1142 4188 'lif
1161 4099 1336 4188 inextincto,

187 4161 440 4296 ‘latidedi
457 4165 857 4304 sinisterrimus
859 4171 1188 4304 diffiditur
1200 4189 1278 4296 ’,Ἧι
1296 4171 1340 4286 δῖ

188 4251 426 4372 drotztiirrurois
442 4300 568 4373 ἐγγείων.
848 4258 865 4309 ⁰
977 4259 994 4311 γ
1041 4257 1061 4309 μ
1095 4257 1112 4310 η
1278 4258 1319 4310 w
