2942 4996
175 451 227 508 xe
453 417 785 510 consrucvus
806 446 1043 512 onrrrun.

173 621 247 700 Cup.
270 622 322 684 62.
346 617 392 678 lle
405 615 631 677 necessitudine
645 617 839 696 qualitatibus
852 619 913 680 iliis
924 620 1087 682 intersere
1096 619 1320 682 intercedente.

173 731 246 820 Cep.
268 741 322 807 ω.
346 733 462 796 Mundi
473 735 623 814 originca.
667 737 731 798 dir
751 742 894 800 aeternus
914 739 1001 800 iultio
1022 738 1133 819 partim
1144 737 1320 816 frigescere,

336 837 448 920 purtim
465 835 650 900 incalescere
672 839 783 919 coepit.
842 887 844 895 .

172 961 247 1041 Gap.
269 964 323 1025 64.
346 956 392 1018 nc
419 955 499 1015 airis
530 951 690 1032 frigidiore
718 960 806 1037 parte
833 962 866 1030 et
894 957 1081 1040 simplicibus
1110 975 1149 1020 ex
1171 976 1209 1019 eo
1232 956 1321 1018 iacti·

207 1073 210 1080 ·
336 1057 521 1138 corporibus.

168 1183 247 1263 ccp,
268 1183 321 1246 tin.
342 1177 389 1239 lie
411 1176 490 1238 airis
512 1173 659 1236 calidiore
680 1180 777 1256 parte.
828 1173 906 1238 item
927 1177 967 1238 de
991 1177 1080 1256 ignee
1101 1183 1216 1242 natura.

173 1290 249 1382 cup.
271 1304 322 1364 66.
344 1302 396 1362 οἵ.
421 1291 469 1356 nc
497 1292 610 1374 duplici
639 1290 821 1370 simplicium
850 1311 1012 1374 corporum
1041 1302 1143 1376 motu,
1177 1291 1322 1380 νοήσεως

338 1399 368 1459 vi
384 1396 511 1475 eliceto,
533 1395 630 1457 altcro
652 1393 752 1455 omnia
772 1393 804 1454 iu
826 1413 933 1474 gyrum
949 1401 1076 1475 agente,
1097 1397 1195 1458 ultero
1207 1398 1325 1460 leviora

337 1519 474 1573 sursum,
498 1498 634 1576 graviora
656 1495 799 1556 deorsum
819 1496 950 1558 ferente.

174 1623 249 1706 Cep.
272 1625 323 1688 68.
336 1617 388 1684 oo.
403 1616 577 1680 Absolvitur
590 1613 694 1678 muudi
709 1613 910 1678 conformatio
922 1621 1028 1678 mutuo
1050 1615 1131 1678 iuter
1146 1613 1277 1676 ualidum
1288 1621 1321 1676 et

338 1719 484 1800 frigidum
499 1736 594 1798 genus
608 1716 817 1779 intercedente
838 1717 1031 1794 commercio,
1046 1716 1131 1796 quod
1140 1717 1276 1798 inprimis
1289 1717 1322 1778 iu

339 1821 552 1904 evaporatione
563 1819 722 1879 humorum
735 1817 878 1896 cernitur,
893 1837 970 1898 qnae
982 1818 1054 1878 solis
1063 1817 1164 1879 calore
1177 1819 1320 1882 efficitur.

175 1943 248 2024 Cup.
270 1945 323 2008 70.
346 1939 414 1998 Huc
444 1936 658 2016 evaporatione
696 1940 781 1996 terra
810 1942 925 1997 certam
953 1936 1155 2014 stabilemque
1192 1936 1320 2014 figuram

338 2036 539 2116 rranciscitur3
560 2053 644 2094 mure
658 2035 721 2094 suia
743 2034 855 2094 finibus
869 2033 1048 2094 includitur:
1071 2036 1161 2100 cuius
1172 2038 1212 2100 de
1225 2039 1319 2100 salse-

338 2141 410 2201 dine
431 2156 527 2218 paucc
549 2135 668 2196 adiecta
688 2141 767 2199 suut.
892 2126 895 2134 ⁴

172 2263 245 2342 (lup.
267 2264 319 2326 vl.
341 2258 480 2320 Ambitus
502 2262 604 2316 terrae
617 2255 790 2333 rotundus,
814 2253 976 2334 superficie
996 2254 1097 2336 plana.

173 2382 247 2462 Gap.
268 2383 320 2446 72.
343 2375 547 2438 Stabilitctem
568 2379 649 2435 terra
672 2373 803 2455 partium
817 2391 938 2434 suarum
958 2374 1068 2453 frigori
1090 2373 1193 2474 debet.
1237 2373 1318 2454 illul-¹

336 2481 376 2541 tis
398 2477 551 2559 speluncis
572 2474 676 2556 pervia
697 2481 755 2536 est.

172 2604 248 2685 cap.
268 2605 320 2667 13.
344 2599 461 2659 Eadem
483 2597 644 2657 humorum
667 2593 895 2675 evaporatione,
918 2613 977 2674 qua
998 2600 1081 2657 terra
1102 2594 1240 2677 periecta
1262 2602 1318 2674 est,

339 2701 562 2764 conformatum
578 2715 645 2757 esae
661 2695 781 2756 videtur
801 2694 929 2776 coelum,
951 2695 1053 2757 sidera
1067 2696 1197 2761 aluntur.
1218 2696 1317 2758 Pauca

336 2802 519 2882 interposita
540 2804 611 2860 sunt
632 2797 671 2858 de
693 2799 791 2878 prima
805 2797 939 2860 siderum
954 2799 1082 2879 origine.
1126 2799 1317 2863 Asiderlbus

337 2900 450 2963 diversi
471 2907 542 2960 sunt
564 2898 696 2977 lapides,
718 2902 900 2991 pernicem
923 2901 988 2963 lati.

173 3028 248 3106 Cup.
270 3027 322 3089 vi.
345 3018 571 3082 Contrariorum
593 3035 740 3096 generum
761 3017 973 3078 coniunctione
991 3018 1153 3080 animantia
1171 3026 1288 3081 exorta.

172 3147 246 3226 cup.
269 3144 321 3208 15,
345 3139 429 3218 Quae
444 3137 587 3218 deinceps
601 3154 640 3197 eu
659 3153 729 3198 sese
749 3136 816 3216 ipsa
828 3153 924 3213 genus
937 3153 1024 3195 sumu
1036 3143 1215 3214 propagant:
1238 3154 1316 3216 quac

246 3265 248 3270 ·
336 3240 459 3322 generis
487 3238 664 3320 propagatio
689 3257 749 3317 quo
769 3237 860 3300 modo
886 3237 919 3299 in
946 3235 1069 3300 bombre
1093 3236 1164 3308 liat,
1192 3236 1316 3331 uberius

334 3342 506 3424 exponitur.
547 3393 553 3402 ,

168 3469 243 3548 cap.
263 3471 315 3532 id.
337 3464 384 3526 nc
404 3461 598 3526 inclinatione
619 3417 734 3521 mundi.

168 3583 242 3665 Cup.
263 3587 315 3650 w.
338 3581 432 3644 Cuius
461 3583 508 3644 rei
537 3599 627 3642 censa
655 3579 687 3638 iu
717 3582 843 3640 nemete
871 3576 1081 3639 consertorum
1110 3576 1192 3638 circa
1211 3575 1315 3657 poluru

339 3681 485 3744 arcticum
507 3698 650 3759 raporum
667 3679 816 3758 gravilate
835 3681 936 3761 posita
956 3678 1173 3744 cssevidctur.

166 3805 242 3886 (iap-
255 3805 317 3870 28·
339 3801 385 3862 De
406 3799 478 3862 solis
500 3795 754 3862 conversionibus.

166 3924 240 4005 cup.
261 3926 314 3988 dit.
335 3919 382 3981 nc
403 3916 466 3979 Nili
486 3935 584 3978 annue
605 3913 817 4000 exundatione.

166 4042 239 4124 Cap.
260 4047 314 4108 Sti.
338 4039 383 4101 lle
405 4034 519 4098 tonitru
540 4040 572 4096 et
593 4033 726 4112 fulgure.

166 4163 240 4242 tiap.
258 4167 311 4230 81.
333 4169 386 4232 82.
406 4155 454 4218 nc
473 4154 578 4216 mundi
597 4151 732 4216 interitu.

632 4377 839 4392 w

1447 677 1465 736 ⁴,
