2942 4996
185 384 233 448 so
642 381 744 448 car.
772 387 825 478 ss.
843 381 897 452 ss.

185 554 262 644 det,
286 577 328 626 ex
349 551 420 627 boc
444 553 539 630 fonte
557 548 697 638 derivati
717 552 842 648 jsint1):
867 579 954 648 quae
976 557 1121 648 quidem
1139 557 1338 644 coniectura

184 680 227 748 eo
244 658 341 744 loco,
368 657 495 746 dequo
512 658 662 752 aginrus,
678 660 901 751 ‘probabilior
917 662 971 746 lit,
997 682 1100 750 quum
1116 661 1233 751 paucis
1254 685 1336 730 ver-

183 761 272 829 sibus
289 768 366 828 ente
380 758 590 828 Demetrium
611 771 784 831 auctorem
810 762 908 849 citet,
933 772 970 832 ut
986 764 1039 834 vix
1058 763 1203 832 dubitari
1219 764 1335 848 liceat,

183 861 352 950 quiahoc
372 885 509 954 quoque
532 864 611 933 loco
634 864 665 933 ei
685 864 841 937 scribenti
859 865 958 936 huius
982 888 1068 958 opus
1088 867 1259 936 evolutum
1284 867 1335 934 ob

184 965 301 1046 oeulos
330 965 432 1033 fuerit
459 965 615 1057 positum.
668 969 781 1056 Atque
801 968 873 1038 hoc
894 969 1000 1038 modo
1023 968 1244 1059 probabiliter
1263 969 1336 1036 sal·
1366 989 1371 996 ·

183 1077 253 1138 tem
276 1065 437 1164 ellectum
456 1093 526 1138 esse
545 1058 705 1156 arbitror,
730 1071 877 1161 primum
905 1071 976 1142 boc
997 1071 1161 1165 Diogenis
1182 1071 1335 1162 Apollo-

183 1169 292 1238 niatae
311 1170 539 1263 fragmentum
563 1196 583 1240 a
605 1171 763 1263 Diogene
786 1173 922 1243 Laertio
943 1175 1101 1244 haustum
1123 1197 1194 1243 esse
1217 1197 1237 1242 e
1259 1172 1335 1242 De-

183 1271 293 1342 metrii
309 1272 480 1366 Magnetis
494 1275 584 1341 libro
608 1273 691 1368 περὶ
709 1270 921 1366 ὁμωνύμων.
972 1276 1044 1346 Sed
1062 1276 1089 1344 si
1105 1298 1211 1367 porro
1225 1287 1335 1366 quae-

184 1397 256 1457 ras,
282 1374 373 1447 unde
388 1374 480 1454 hone
494 1374 606 1467 ipsum
619 1375 770 1446 sumsisse
785 1379 977 1448 credamus:
1002 1387 1059 1446 ant
1073 1378 1184 1470 ipsum
1200 1378 1336 1470 Dioge-

184 1477 234 1544 nis
257 1477 381 1546 librum
405 1479 505 1565 adiit,
538 1488 613 1562 aut,
646 1478 742 1567 qnod
767 1481 876 1574 magis
906 1489 1164 1549 consentaneum
1188 1480 1333 1568 videtur,

184 1581 472 1650 toturn‘Demetrii
494 1604 581 1673 opus
597 1603 639 1649 ex
658 1581 726 1654 istis
744 1581 882 1668 πίναξι,
904 1583 1021 1673 quales
1045 1606 1065 1650 a
1084 1582 1196 1650 multis
1215 1603 1335 1672 gram-

185 1682 314 1752 maticis
337 1683 509 1762 confectos
525 1707 597 1754 esse
612 1684 782 1771 novimus,
808 1685 871 1754 fnit
890 1695 1105 1777 excerptum:
1131 1707 1233 1775 qnam
1255 1706 1335 1752 sen-

185 1786 321 1856 tentiam
345 1787 412 1856 iam
439 1787 557 1858 Ionsio
583 1789 762 1880 probatam
792 1811 862 1857 esse
889 1789 990 1858 video
1018 1789 1076 1879 (d.
1102 1787 1180 1858 hist.
1207 1787 1335 1878 philos.

186 1887 299 1976 script.
314 1889 359 1980 ll,
376 1886 412 1972 5,
427 1889 450 1954 2
468 1914 528 1973 ss,
555 1892 613 1958 ubi
628 1891 882 1982 diligentissime
906 1890 951 1960 de
972 1892 1191 1962 celeberrima
1222 1889 1335 1959 catet-

185 1988 307 2055 macbi
320 1989 456 2056 Tabula
471 1989 670 2076 scriptorum
691 1993 855 2080 exponit).
906 1993 1005 2076 Quae
1019 1993 1046 2058 si
1060 2002 1151 2061 recte
1165 1991 1336 2079 disputata

186 2097 278 2172 sunt,
311 2089 441 2179 primus
469 2089 568 2156 huius
589 2090 769 2182 fragmenti
790 2091 866 2157 fons
887 2093 922 2158 in
948 2089 1256 2161 Alexandrina‘illa
1279 2091 1336 2160 bi·

185 2189 360 2262 bliotheca
382 2193 443 2260 erit
463 2190 683 2280 quaerendae.
735 2192 807 2260 Sed
831 2193 998 2284 quidquid
1027 2195 1196 2277 statueris,
1222 2204 1335 2263 utrum

185 2292 320 2383 abipso
339 2293 514 2364 Demetrio
545 2316 586 2361 ex
609 2295 684 2385 ipso
706 2295 868 2387 Diogenis
894 2298 1133 2388 Apolloniatae
1155 2298 1244 2364 libro
1271 2297 1335 2366 ‹le-

170 2397 345 2487 scriptum
361 2395 478 2490 fuerit,
506 2419 548 2465 an
570 2419 634 2487 per
661 2399 780 2466 seriem
800 2398 948 2488 aliquam
973 2400 1175 2493 scripturum
1196 2399 1241 2467 ad
1262 2399 1335 2492 De·

185 2501 360 2584 mettium,
386 2500 469 2572 hinc
486 2523 567 2570 vero
584 2500 629 2568 ad
644 2499 833 2592 Diogenem
855 2504 1045 2591 pervenerit
1060 2503 1250 2570 Laertium:
1264 2501 1335 2571 hoe

186 2611 314 2674 certum
333 2612 399 2688 est,
424 2627 496 2675 esse
516 2603 717 2696 genuinum,
744 2613 778 2672 et
799 2593 868 2672 sia
892 2606 1028 2676 lonicae
1049 2605 1185 2674 dialecti
1206 2605 1335 2690 formis,

185 2727 274 2793 qnae
291 2731 312 2774 a
325 2708 504 2776 serioribns
519 2706 758 2799 pessumdatae
779 2729 850 2775 esse
870 2707 1035 2796 ridentur,
1062 2708 1260 2794 discesseris,
1281 2707 1335 2776 in·

185 2817 220 2874 te
246 2833 331 2880 rum.

220 2832 245 2900 g
289 2910 376 2999 (lap.
402 2906 463 2976 23.
515 2909 621 2993 Quod
641 2917 742 2979 restat
762 2911 989 3000 fragmentum
1005 2913 1198 3001 maximnm,
1219 2911 1335 2980 locum

188 3010 233 3078 sle
247 3011 338 3080 senis
355 3009 544 3093 continens,
570 3010 663 3101 apud
677 3011 904 3084 Aristotelem
923 3016 1086 3084 invenitur
1105 3015 1237 3104 (histor.
1249 3015 1336 3083 Ani·

188 3114 266 3187 mal.
285 3113 321 3198 3,
344 3112 379 3196 2,
401 3113 481 3186 4ss.
504 3111 558 3181 erl.
577 3112 781 3204 Solonem),
807 3116 866 3204 qui
882 3140 949 3207 qna
965 3141 1046 3190 cura
1066 3125 1099 3186 et
1118 3117 1291 3207 diligentia
1314 3139 1336 3185 e

187 3215 352 3309 Diogenis
374 3215 463 3285 libro
491 3215 643 3284 insnum
672 3216 891 3304 transtulerit,
926 3221 1067 3290 definire
1093 3217 1335 3287 difficillimum

188 3329 247 3392 est.
298 3321 397 3391 Solet
415 3309 503 3389 enim
527 3319 724 3388 Aristoteles
753 3341 820 3388 non
845 3324 1088 3394 accuratissima
1110 3344 1191 3391 cura
1210 3323 1335 3388 versari

187 3427 222 3492 in
258 3447 376 3494 eorum
405 3424 624 3516 scriptorum,
657 3445 803 3512 quorum
829 3427 1005 3494 sententias
1031 3426 1149 3509 affert,
1185 3425 1335 3492 oratione

187 3519 368 3610 servanda,
394 3528 454 3596 scd
478 3551 550 3596 rern
580 3528 689 3617 magis
714 3537 885 3617 spectare,
912 3551 1014 3616 qnam
1032 3530 1146 3599 verba.
1197 3526 1337 3617 Duplici

188 3636 302 3695 autem
323 3629 467 3698 maxime
494 3629 624 3698 ratione
645 3629 788 3698 aliorum
811 3628 997 3699 orationem
1026 3639 1170 3698 mutasse
1193 3630 1334 3698 videtur.

256 3929 287 3997 1)
307 3929 347 3982 Eo
364 3932 451 3980 tamea
468 3932 689 3996 temperamento,
716 3931 761 3991 ut,
784 3926 808 3980 si
830 3925 892 3994 qnid
914 3927 948 3981 ab
965 3925 1026 3983 aliis
1043 3924 1211 3980 observatum
1227 3925 1335 3992 rideret,

157 4050 159 4056 .
186 4001 255 4067 quod
273 4001 321 4050 ille
337 3997 476 4059 omiserat,
502 3997 529 4049 id
545 3998 605 4049 inde
622 3997 760 4064 suppleret.
793 3996 861 4049 Nem
886 3996 944 4048 lieri
966 4012 1019 4048 non
1036 3993 1135 4062 potuit,
1161 3995 1225 4062 quie
1242 3997 1336 4066 multo,

187 4086 254 4136 qnae
272 4067 386 4138 Diogeni
403 4065 508 4123 brento
525 4067 558 4118 ad
577 4083 634 4119 rem
652 4068 741 4118 lacere
765 4064 933 4130 viderentur,
958 4081 975 4117 a
992 4063 1142 4129 Demetrio,
1164 4064 1212 4131 qui
1233 4071 1336 4118 tentum

188 4137 221 4187 de
243 4137 413 4206 scriptoribus
435 4142 461 4190 et
478 4134 561 4201 positis
584 4143 692 4204 ageret,
718 4131 901 4200 praetermisso
923 4140 1024 4200 essent,
1051 4135 1124 4188 velot
1146 4133 1216 4200 quod
1239 4132 1273 4183 ad
1291 4131 1336 4184 vlt
1453 4145 1454 4148 ’

189 4203 250 4256 illes
265 4207 394 4274 sapientes
417 4205 579 4274 pertinebat3
604 4211 661 4256 tum
684 4204 755 4270 quod
778 4203 910 4271 Diogenes
930 4203 1073 4258 statuarios
1096 4219 1191 4270 saepe,
1216 4200 1335 4264 victores,

189 4273 256 4326 atior
272 4275 422 4329 huiusmodi
438 4273 574 4338 homines,
597 4273 643 4340 qui
666 4289 719 4324 nou
743 4277 798 4325 tem
818 4271 924 4338 scrirrtis
947 4272 1042 4338 editis,
1073 4289 1153 4342 quem
1169 4273 1227 4324 erte
1245 4284 1294 4321 sue
1311 4273 1336 4321 ot

190 4340 287 4394 virtuts
303 4347 473 4409 excellerent,
490 4342 659 4414 pbilosophis
671 4340 839 4410 cognomines
856 4341 943 4396 affert.
1219 4347 1221 4354 '
