2966 4990
236 435 280 498 su
644 411 648 424 “
717 427 817 493 cnr.
836 433 890 496 oe.

342 602 430 696 Gap.
445 601 505 684 49.
538 601 701 695 Exposita
727 585 886 671 venarum
912 615 1126 693 percorpus
1151 577 1383 670 distributione

241 703 490 790 adsenseum,
524 721 609 795 quos
641 714 781 786 vocant,
816 727 932 775 causas
966 703 1182 795 explicandas
1208 705 1384 796 Diogenes

240 808 402 876 transiisse
421 807 560 878 videtur.
612 807 699 880 Nam
716 829 819 899 quum
841 828 953 874 sensus
970 829 1102 890 omnes,
1129 821 1213 894 quos
1227 810 1282 874 uel
1298 829 1384 876 ocu-

239 907 298 992 lis,
321 911 378 976 vel
403 911 554 996 naribus,
580 910 637 978 vel
662 911 794 1003 lingua,
820 910 1042 996 relatoribus,
1065 908 1121 977 uel
1146 908 1260 1000 digitis
1285 909 1386 978 deni-

239 1032 308 1100 que
333 1013 521 1102 ceterisque
547 1012 699 1106 plurimis
725 1013 878 1106 corporis
910 1011 1062 1102 partibus
1090 1011 1315 1101 percipimus,
1350 1013 1386 1076 in

239 1117 317 1180 aere
342 1116 506 1198 rationali,
532 1136 691 1184 venarum
718 1138 786 1207 ope
812 1115 857 1182 ad
883 1114 945 1183 ista
970 1115 1049 1183 loca
1073 1114 1279 1203 pertinente,
1305 1113 1389 1180 oriri

185 1239 189 1244 ·
239 1225 407 1283 censeret:
433 1217 528 1285 haud
554 1218 648 1308 prius
673 1237 762 1300 eum,
787 1239 890 1304 quam
916 1216 996 1286 loco
1023 1215 1068 1282 de
1082 1217 1174 1282 venis
1197 1225 1388 1306 pertracta-

237 1323 287 1400 to,
313 1317 358 1384 ad
383 1315 473 1388 hanc
497 1341 571 1386 rem
596 1319 781 1388 accuratius
799 1315 1070 1408 persequendam
1096 1317 1254 1384 devenire
1279 1329 1390 1408 potu-

238 1417 322 1501 isse,
352 1419 559 1512 intelligitur.
610 1421 718 1488 Nobis
751 1429 863 1486 autem
888 1419 990 1504 nihil,
1024 1417 1086 1487 nisi
1111 1418 1252 1484 frustula
1277 1442 1392 1507 quae-

239 1517 320 1588 dam
345 1519 445 1590 huius
471 1521 703 1612 disputationis
719 1531 856 1602 ⁴seruata
872 1519 994 1588 suntin
1010 1519 1100 1587 libro
1118 1519 1162 1588 de
1182 1521 1273 1611 plac.
1288 1519 1390 1610 phil,

239 1621 421 1712 inquibus
445 1623 660 1706 illustrandis,
686 1645 755 1710 quo
779 1622 933 1690 breuiora
955 1629 1081 1689 suntet
1102 1643 1171 1708 quo
1191 1623 1300 1712 magis
1317 1623 1388 1690 dil-

239 1721 446 1794 ficultatibus
478 1725 597 1816 plena,
630 1746 672 1794 eo
699 1723 913 1814 diligentiore
946 1723 1188 1792 elaborandum
1222 1733 1270 1790 est
1296 1747 1388 1812 cura,

192 1839 194 1844 ‘
240 1833 279 1892 ul
303 1847 417 1894 veram
450 1828 496 1895 dc
528 1827 582 1894 his
599 1828 714 1910 ,rebus
746 1827 910 1918 Diogenis
941 1824 1136 1912 sententiam
1160 1848 1388 1915 assequamur.

240 1927 295 1994 Ac
319 1929 431 2016 primo
456 1929 597 2017 quidem
623 1930 668 1998 de
693 1936 804 2020 gustu
831 1928 1000 2011 dicamus,
1026 1928 1186 2017 quoniam
1213 1951 1274 2014 ea,
1300 1952 1389 2017 quae

157 2091 159 2100 χ
241 2025 287 2092 ad
312 2027 405 2096 huuc
429 2028 810 2120 pcrtinent,‘aliquauto
837 2031 941 2100 fusius
966 2030 1117 2120 exposita
1142 2040 1227 2099 suut.
1267 2032 1388 2102 Placit.

159 2125 160 2128 ’
240 2125 307 2210 Ν,
337 2125 683 2224 ldmpiyan'caoc
714 2128 1062 2223 necessariora.
1108 2133 1304 2230 Διογένης,
1340 2133 1390 2229 τῇ

242 2223 439 2327 ἀραιότητι
474 2232 538 2326 τῆς
563 2224 721 2326 γλώττης
750 2234 809 2304 καὶ
837 2234 885 2328 τῇ
909 2227 1139 2329 μαλακότητι
1168 2233 1227 2306 ναὶ
1254 2229 1315 2307 dtu?
1341 2229 1388 2308 cd

186 2343 188 2348 ’
242 2325 438 2404 συνάπτειν
464 2325 529 2411 τοῖς
555 2326 629 2404 clud
646 2333 898 2426 τοῦσώματος
921 2338 968 2414 εἰς
995 2330 1110 2426 αὐτήν
1137 2337 1282 2430 φλέβας,
1311 2341 1387 2409 δια-

240 2438 388 2518 χεῖσθαι
422 2428 507 2512 τυιῗς
539 2429 665 2524 χυλοῠς
699 2439 910 2525 ἑλκομένους
945 2435 1003 2508 sut
1035 2431 1103 2530 τήν
1130 2440 1300 2535 elissipona
1326 2439 1388 2509 καὶ

242 2527 289 2606 τέ
304 2528 518 2630 ἡγεμονικόν
528 2590 546 2624 ,.
568 2529 739 2631 καθάπερ
760 2531 834 2609 clud
851 2536 1021 2630 συυγγέας
1037 2533 1079 2628 1).
1132 2539 1250 2606 Solum
1277 2563 1317 2607 ex
1331 2539 1387 2607 his

242 2631 418 2727 lliogenes
446 2646 562 2728 gustus
594 2636 847 2730 instrumentum
879 2635 1037 2708 habuisse
1068 2631 1388 2732 videtur'liuguam,

242 2738 346 2824 cuius,
372 2761 476 2826 quarn
492 2737 584 2824 dicit,
611 2731 829 2836 ἀραιότητα,
853 2737 1034 2828 raritatem,
1060 2744 1095 2810 in
1116 2745 1298 2836 spongiosa
1317 2744 1388 2811 eius

241 2850 358 2905 natura
390 2840 567 2926 multisque
601 2840 821 2910 foraminibus
848 2852 882 2911 et
907 2843 1099 2913 canaliculis
1123 2857 1287 2928 scatente,
1320 2869 1389 2934 qua

240 2939 464 3008 succulentus
496 2940 653 3009 ciborum
683 2951 812 3033 portes
843 2952 956 3036 sugat
981 2965 1027 3013 oc
1051 2947 1196 3035 trahat,
1238 2931 1393 3040 posuisse

241 3037 383 3109 videtur.
436 3041 591 3128 Quodsi
625 3044 715 3112 enim
746 3045 857 3138 rigida
883 3070 924 3116 ac
956 3047 1065 3116 solida
1098 3051 1168 3118 eius
1195 3061 1312 3120 natura
1336 3051 1388 3134 sit,

241 3163 346 3234 aegre
376 3141 417 3211 id
449 3145 523 3212 lieri
556 3167 672 3235 posse,
688 3157 690 3164 ’
707 3148 813 3236 quivis
844 3146 947 3218 videt.
999 3150 1044 3217 In
1078 3152 1242 3244 linguam
1269 3161 1388 3220 notem
1471 3209 1472 3222 ,

237 3245 428 3336 pertinere,
458 3248 513 3332 ait,
539 3269 658 3333 venna,
685 3271 710 3317 υ
736 3250 880 3340 reliquis
900 3271 971 3341 per
996 3275 1125 3344 corpus
1151 3253 1293 3350 diffusis
1318 3253 1389 3322 lunc

239 3347 421 3417 tendentes
446 3357 553 3442 utque
578 3372 658 3417 cum
683 3352 755 3420 illis
787 3373 964 3430 connexos
999 3350 1089 3444 (τοῖς
1114 3351 1189 3428 aiud
1214 3357 1284 3428 τοῦ
1313 3349 1390 3427 σιέ-

239 3474 357 3539 paroc
383 3445 544 3542 φλέβας).
578 3451 676 3535 Quae
700 3477 753 3522 res
780 3450 926 3523 dubitari
952 3458 1083 3544 nequit,
1109 3459 1188 3546 quin
1214 3482 1233 3524 e
1255 3458 1389 3546 Dioge-

239 3548 290 3612 nis
321 3560 434 3617 mente
468 3553 619 3643 exposita
653 3554 703 3622 sit.
755 3556 853 3624 Licet
887 3558 974 3624 enim
1008 3559 1130 3632 harum
1161 3581 1318 3626 venarum
1353 3561 1390 3625 in

240 3647 392 3716 uniuersa
415 3650 477 3718 ista
503 3675 663 3722 venarum
689 3655 916 3745 descriptione
941 3681 1008 3724 non
1035 3657 1251 3745 meminerit,
1266 3662 1301 3728 iu
1328 3683 1384 3728 ea-

240 3763 315 3812 rum
340 3759 453 3816 tamen
475 3771 619 3822 numero
646 3778 703 3824 eas
721 3759 896 3841 contineri,
923 3781 1005 3847 quas
1022 3783 1063 3828 ex
1081 3763 1191 3852 capite
1208 3766 1282 3852 ipso
1305 3784 1389 3852 pro·

239 3847 352 3918 venire
378 3849 530 3938 dicebat,
556 3856 768 3926 manifestum
796 3867 855 3929 est.
891 3859 1027 3952 Lingua
1051 3865 1154 3954 igitur·
1174 3868 1309 3932 raritate
1330 3887 1389 3930 sua

239 3974 282 4022 ac
306 3951 449 4020 mollitie
474 3954 520 4022 ad
546 3957 711 4049 spongiae
735 3960 837 4030 instar
861 3983 979 4034 succos
1005 3965 1159 4034 ciborum
1176 3968 1276 4060 sugit,
1302 3989 1388 4055 quos
1471 4051 1472 4068 χ

244 4160 451 4174 m

309 4284 340 4350 l)
357 4285 431 4338 ldcur
449 4287 531 4342 habet
549 4287 642 4340 Galen.
658 4288 702 4341 26.
721 4309 747 4358 p.
764 4290 818 4356 48,
836 4293 881 4346 ubi
900 4299 991 4360 aperto
1009 4313 1098 4350 erroro
1116 4298 1234 4366 legitote
1257 4297 1303 4356 nul
1322 4300 1392 4352 δια-

243 4351 354 4404 κεῖσθαι
371 4351 441 4415 roric
455 4353 564 4422 χυμοές
580 4354 745 4424 ἑλκομένους
762 4361 801 4422 εἰς
817 4360 869 4429 τήν
887 4363 1029 4430 αἴσθησιν.
1471 4373 1472 4392 ’
