2942 4996
199 393 253 502 n's
691 405 797 492 ouri
813 429 866 496 aa

210 589 349 688 narrent,¹
368 595 402 670 lu
419 589 591 671 camalam
613 597 711 686 quan
733 595 895 667 adiecisse
913 597 1083 679 videatnr3
1108 600 1185 690 qui,
1209 599 1361 687 inquam,

210 705 365 777 accidere
379 703 506 793 potuit,
532 693 570 769 ut
584 699 779 790 Simplicius
801 703 1020 796 eutulanum,
1047 702 1122 782 nni,
1149 701 1209 768 niel
1225 711 1362 777 muton-

208 811 327 876 tiamm
342 815 451 872 totum
464 803 618 871 ordinem
635 803 832 892 pervertisse
845 803 1035 894 Diogenem
1051 805 1260 887 arbitramur,
1286 803 1362 872 cla-

208 931 247 976 re
269 899 494 978 hauddubie
520 915 622 994 atque
644 915 761 994 aperte
786 907 974 995 expositum
995 915 1065 973 erat
1085 906 1140 984 nl,
1166 906 1262 993 quod
1287 905 1362 973 tarn
1447 925 1448 928 ’

209 1007 356 1080 studiose
378 1019 411 1077 et
431 1007 556 1098 cupide
571 1008 772 1095 quaerebat,
799 997 901 1100 plane
920 1008 1113 1099 praeteriret
1135 1027 1176 1074 ac
1199 1006 1363 1096 neglige-

209 1123 279 1196 ret,
304 1122 420 1182 contra
437 1109 563 1176 adalia
581 1110 800 1200 confugeret,
827 1111 918 1179 unde
934 1131 1002 1179 non
1024 1110 1085 1176 nisi
1099 1109 1364 1199 ambagibusad

204 1212 296 1283 illud
310 1214 401 1282 idem
418 1211 584 1302 perveniri
601 1210 759 1302 poterat?
807 1211 962 1300 Denique
977 1211 1061 1299 qnid
1084 1211 1245 1278 iaciamus
1260 1203 1362 1302 frag-

206 1325 326 1384 unento
344 1316 408 1398 vl,
434 1313 530 1402 quod
543 1324 636 1381 certo
651 1320 782 1380 constat
796 1324 947 1382 secutum
961 1335 1031 1382 esee
1045 1321 1218 1400 quartum,
1246 1312 1303 1378 nbi
1316 1314 1361 1380 ab

210 1419 323 1486 initio:
360 1415 477 1502 „mihi
497 1416 655 1506 quidem,
688 1415 811 1502 inquit,
845 1415 900 1500 id,
934 1415 1029 1505 pund
1061 1409 1225 1508 νόησιν
1251 1413 1363 1481 conli-

207 1527 308 1606 neat‚
335 1525 400 1587 adr
424 1539 499 1586 esee
519 1517 677 1600 videtur,
704 1539 807 1607 quem
831 1518 943 1608 volgo
966 1511 1143 1584 dieunt?“
1169 1553 1223 1568 -
1245 1515 1362 1584 llaec-

214 1623 289 1694 clne
309 1631 421 1690 autem
440 1619 717 1688 commemoratio
740 1620 860 1688 estrei
885 1619 1014 1686 dudum
1039 1617 1237 1706 expositae?
1286 1619 1361 1684 lmo

213 1743 296 1796 vero
320 1745 408 1792 nunc
428 1723 575 1813 primum
599 1721 821 1812 exponendae
849 1743 935 1805 esse,
969 1721 1030 1789 nisi
1053 1720 1125 1807 quie
1147 1719 1239 1786 omni
1265 1740 1363 1788 sensu

215 1826 385 1898 communi
406 1835 534 1908 careat,
561 1823 663 1892 facile
682 1822 817 1890 videbit.
872 1824 971 1907 Quae
986 1843 1090 1911 quum
1109 1821 1154 1888 ita
1167 1821 1239 1905 sint,
1265 1823 1363 1913 frag-

211 1937 328 1995 mento
343 1926 393 1992 lV
408 1926 600 2014 Diogenem
621 1922 773 1992 nondam
794 1925 838 1990 de
853 1932 930 1992 adra
951 1947 1055 2016 agere
1078 1933 1114 1991 nt
1133 1938 1245 1991 rerum
1267 1925 1363 2014 prin-

214 2029 323 2118 cipio,
357 2024 561 2116 intelligitur.
614 2017 742 2093 Contra
767 2027 1000 2093 sententiarum
1026 2028 1112 2094 inter
1136 2048 1172 2093 se
1197 2021 1361 2094 connexio

213 2131 315 2198 luisse
346 2127 434 2195 llaec
461 2125 603 2194 videtur.
654 2127 876 2195 Probandnm
907 2138 997 2213 erat,
1037 2128 1180 2196 multum
1208 2121 1363 2223 νοήσεως

177 2251 179 2256 ·
213 2231 320 2299 inesse
336 2249 449 2296 rerum
465 2229 650 2318 principio,
676 2229 841 2320 quidquid
859 2229 894 2296 id
918 2223 998 2298 erat.
1033 2229 1137 2314 Quod
1152 2251 1256 2319 quum
1273 2233 1363 2298 mal·

213 2334 254 2402 tls
271 2331 394 2401 institui
409 2340 541 2420 posset,
566 2331 601 2398 in
616 2331 653 2398 iis
671 2342 799 2415 tamen,
826 2354 914 2420 quae
931 2341 1076 2402 aetatem
1102 2333 1265 2415 tulerunt,
1292 2333 1362 2400 duo

213 2433 460 2514 tantumhuius
483 2433 532 2501 rei
555 2444 754 2526 argumenta
777 2446 906 2504 servata
926 2446 1017 2504 sunt:
1049 2457 1193 2523 quornm
1219 2435 1364 2504 alterum

213 2537 299 2606 illud
322 2559 363 2604 ax
382 2535 559 2627 praeclaro
576 2537 616 2603 in
640 2559 753 2604 rerum
774 2547 892 2606 natura
914 2534 1032 2606 ordine
1056 2537 1211 2605 haustum
1233 2539 1363 2621 clarum

214 2650 281 2728 est,
307 2640 390 2727 qnid
407 2639 471 2707 sibi
485 2639 581 2720 velit3
608 2639 741 2708 alterius
756 2650 871 2713 antem
885 2641 919 2706 in
935 2663 977 2708 eo
993 2650 1199 2708 momentum
1215 2642 1363 2730 positum

215 2737 288 2812 esee
308 2741 460 2824 videtur,
486 2741 580 2828 quod
601 2741 817 2831 respirando,
844 2743 867 2809 i.
890 2763 920 2810 e.
943 2741 1157 2811 aliundene
1172 2742 1272 2835 soria
1293 2741 1363 2809 hoss

214 2839 321 2912 minen
352 2852 387 2909 et
416 2851 530 2908 cetera
563 2843 742 2910 animantia
774 2865 908 2912 omnem
942 2854 1010 2912 tam
1035 2845 1235 2912 rationalem
1250 2845 1364 2933 'quana

214 2943 351 3012 vitalem
376 2943 445 3010 vim
469 2945 506 3010 in
531 2965 567 3010 sc
592 2945 745 3034 recipere
771 2955 871 3034 atque
893 2946 939 3014 ita
964 2949 1067 3024 vitam
1092 2957 1276 3016 sustentare
1299 2947 1364 3015 de-

214 3043 475 3138 prehendimus,
516 3045 610 3133 quod
648 3047 742 3113 nullo
778 3069 914 3138 prorsus
946 3061 1049 3139 pacto
1083 3051 1216 3118 evenire
1247 3049 1364 3140 possit,

214 3147 278 3222 nisi
304 3141 463 3239 magnam
488 3148 619 3215 animae
651 3149 785 3239 copiam
820 3172 884 3241 per
915 3152 1101 3218 nniversam
1126 3173 1237 3219 rerum
1264 3165 1365 3230 nata-

214 3270 288 3319 rum
313 3251 486 3344 perfusam
512 3273 584 3321 esse
607 3260 805 3336 statuamus,
832 3253 922 3320 unde
947 3276 1041 3321 enam
1067 3253 1220 3321 homines
1241 3262 1275 3320 et
1288 3249 1364 3318 ani·

214 3345 318 3424 malla
341 3351 506 3424 hauriant.
558 3345 719 3425 Ceterum
751 3355 942 3447 Diogenem
973 3351 1153 3424 sententiae
1183 3377 1263 3423 auae
1296 3352 1365 3419 do-

214 3466 372 3528 cumenta
396 3457 539 3547 elegisse
563 3456 658 3540 talia,
691 3458 812 3545 quibus
836 3459 936 3528 facile
962 3457 1123 3548 deinceps
1148 3464 1224 3526 aiire
1250 3473 1364 3522 rerum

212 3558 417 3646 principium
444 3571 595 3629 constare
621 3559 881 3649 intelligeretur,
913 3561 1059 3644 vireat,
1093 3557 1186 3648 quod
1222 3579 1363 3624 monea-

212 3665 276 3722 tur.
310 3657 364 3723 Re
390 3665 503 3724 autem
528 3659 575 3724 ita
601 3663 750 3748 exposita
777 3660 859 3727 mihi
885 3662 1024 3749 quidem
1051 3662 1191 3729 dubium
1217 3666 1362 3741 inanest,

213 3755 295 3846 quin
320 3757 463 3845 pariter,
499 3781 540 3828 ac
566 3759 680 3848 priore
705 3773 801 3850 parte
828 3761 869 3828 fr.
895 3763 962 3845 lv,
989 3763 1056 3831 hac
1083 3786 1221 3852 quoque
1246 3771 1365 3853 poste-

213 3859 320 3944 riore,
355 3857 398 3923 de
424 3881 491 3944 qna
517 3861 664 3950 agimne,
699 3875 934 3953 argumentum
959 3865 1185 3949 contineatur,
1215 3886 1285 3951 qno
1310 3863 1365 3930 in·i

143 4045 145 4052 s
215 3983 287 4030 esee
313 3959 479 4053 principio
513 3956 646 4056 νόησιν
671 3967 842 4055 probetur.
897 3965 1023 4034 Omnes
1050 3967 1138 4034 enim
1172 3989 1226 4034 res
1262 3967 1366 4034 etiam

213 4084 303 4133 nnnc
328 4061 486 4152 principii
511 4049 661 4132 naturan'r
693 4076 806 4134 tenere
837 4077 872 4135 et
903 4087 1117 4153 conservare,
1152 4067 1284 4157 saepius
1309 4066 1370 4131 dt-

217 4174 306 4232 ctum
334 4174 393 4252 est,
419 4174 466 4250 nt,
492 4157 548 4233 ubl
574 4155 838 4236 demonstratum
862 4169 913 4252 sit,
938 4169 973 4246 in
993 4170 1108 4254 rebus,
1136 4169 1254 4258 quales
1274 4187 1366 4234 nnnc

218 4275 314 4350 aaut,
339 4267 551 4358 deprehendi
569 4261 708 4371 νόησιν,
723 4270 958 4363 simulpateat,
980 4273 1123 4343 eandem
1139 4289 1252 4340 rerum
1266 4266 1366 4358 prin-
