2942 4996
207 445 252 513 10
629 427 751 498 ΜΡ,
772 429 824 501 ld,
846 421 901 500 15·

211 601 432 706 probablliter
463 605 707 675 ‹lemenstresae
731 605 817 674 milri
839 606 977 690 videor,
1017 601 1193 692 ammodo
1218 600 1361 670 Anaxa·-

212 729 328 807 goraev
344 711 464 780 melier
487 712 552 777 ista
577 713 630 777 ac
645 710 755 778 v'erior
786 708 1082 800 mentiscognitio
1109 705 1265 772 exsistere
1289 725 1362 796 po-

211 815 327 896 tuerit,
354 811 482 880 etiarnsi
508 812 671 902 Diogenis
695 814 822 904 placita
844 811 1065 904 ignoraverit,
1097 829 1208 897 neque
1234 831 1275 876 ea
1300 829 1362 874 ar*

213 923 391 1010 gementu,
418 915 538 1004 quibus
563 913 895 984 Sclrleiernraclrerus
919 914 1042 994 utitur,
1069 912 1141 978 ullo
1167 909 1272 978 modo
1296 929 1363 976 nos

214 1017 399 1109 impedire,
434 1017 630 1104 quominus,
669 1018 810 1105 siquae
836 1018 922 1085 aliae
948 1037 1069 1086 causae
1095 1013 1176 1096 siut,
1210 1033 1299 1100 quae
1321 1011 1364 1078 id

216 1121 395 1200 suadeant,
433 1119 625 1210 Diogenem
663 1129 742 1210 post
771 1121 1011 1211 Anaxagoram
1042 1115 1230 1188 doctrinam
1263 1133 1363 1180 suam

216 1210 390 1324 evulgasse
415 1221 625 1290 arbitremur.
1299 1221 1317 1258 ’·

318 1354 405 1445 Cap.
433 1350 491 1420 15.
544 1353 615 1423 Sed
647 1375 861 1442 nequaquam
886 1351 947 1420 ‚his
974 1353 1130 1419 omnibns
1155 1347 1363 1443 negaverim,

217 1456 364 1550 potuisse
395 1456 485 1542 lieri,
519 1465 556 1525 nt
587 1459 683 1546 prior
707 1447 911 1546 Anaxagora
943 1457 1068 1545 placita
1099 1476 1157 1545 sua
1179 1453 1365 1544 ¹Diogenes

217 1558 461 1651 divulgaverit,
500 1559 621 1647 quibus
653 1559 748 1627 illum
780 1556 951 1649 impulerit
983 1556 1028 1624 ad
1061 1556 1179 1622 mentis
1210 1565 1367 1622 naturam
1457 1617 1458 1620 ,

218 1663 411 1732 accuratius·
436 1660 674 1753 indagandam.
727 1662 930 1748 Quanquam
963 1659 1062 1727 etiam
1094 1657 1165 1726 hoc
1197 1677 1266 1723 non
1294 1656 1367 1724 sinc

219 1763 419 1838 difficultate
444 1771 503 1834 est.
555 1763 688 1849 Quodsi
721 1764 809 1832 enim
835 1764 1055 1855 Anaxagoras
1086 1759 1248 1851 Diogenis
1281 1757 1368 1850 plri-
1457 1783 1458 1824 ι

219 1866 414 1954 losoplriam
439 1866 612 1953 cognitam
636 1865 803 1950 habebat,
825 1866 957 1934 'mirum
983 1864 1144 1955 profecto
1167 1861 1275 1930 videri
1300 1859 1368 1928 de·

219 1965 296 2050 bet,
333 1963 421 2032 adeo
455 1965 585 2030 nullum
611 1967 644 2032 ei
676 1966 824 2033 fructum
850 1989 891 2032 ex
916 1989 957 2034 ea
983 1965 1177 2054 contigisse,
1210 1971 1265 2044 ut,
1297 1983 1369 2048 qua

220 2065 255 2136 in
280 2072 454 2138 remeate
480 2072 646 2146 uteretur,
678 2063 751 2152 ipse
776 2065 934 2148 nesciret,
962 2086 1072 2152 eoque
1098 2062 1205 2153 magis
1232 2061 1368 2147 mirum,
1457 2077 1458 2082 ’

219 2187 326 2254 quum
349 2165 522 2258 Diogenes
546 2165 615 2232 iam
640 2162 929 2253 demonstraverit,
955 2166 1168 2258 praeclarum
1194 2165 1228 2230 in
1252 2186 1368 2232 rerum

220 2276 340 2336 natura
356 2266 510 2333 ordinem
531 2266 737 2349 atmodum,
764 2269 939 2359 egregiam
964 2291 1075 2337 rerum
1102 2266 1367 2358 dispositionem,

222 2368 390 2440 ordinatas
415 2377 607 2457 temporum
634 2369 886 2458 ric'nsitndiues,
911 2371 1042 2459 reliqua
1068 2371 1179 2438 omnia
1205 2370 1368 2437 ementis

219 2471 255 2537 ui
274 2469 436 2561 'pendere'
457 2471 502 2538 ab
528 2493 637 2560 eaque
661 2467 840 2562 gubernari
856 2495 958 2562 quam
973 2472 1047 2541 fieri
1072 2473 1175 2563 possit
1200 2469 1367 2560 pulcher-
1457 2469 1458 2476 '

220 2573 316 2644 rime.
368 2571 467 2642 Haec
492 2581 603 2640 autem
628 2574 846 2666 Anaxagoras
871 2577 1058 2667 neglexisse
1085 2575 1216 2642 videtur
1241 2573 1366 2641 omnia.
1457 2613 1458 2630 ι

221 2673 301 2742 -Vid
328 2670 556 2742 &laudacia
588 2698 623 2767 p.
652 2675 738 2746 1⁰5,
796 2678 946 2765 Deinde,
978 2685 1017 2744 ut
1047 2678 1112 2744 alia
1144 2685 1367 2765 praeteream,
1457 2717 1458 2748 ι

220 2773 292 2844 linc
314 2773 464 2865 inprimis
480 2779 723 2868 Anaxagorae,
748 2779 775 2847 si
793 2779 955 2870 Diogenis
978 2780 1013 2846 in
1038 2779 1216 2848 condenda
1237 2776 1367 2846 doctri-
1457 2859 1458 2874 χ

221 2898 265 2943 na
290 2892 350 2942 sua
374 2877 537 2944 rationem
569 2877 736 2962 habebat,
773 2883 944 2972 agendum
977 2891 1066 2968 erat,
1098 2893 1153 2968 nt,
1187 2880 1279 2969 qnod
1305 2879 1367 2948 ille
1457 2905 1458 2944 3

220 2982 315 3042 tanto
329 2973 440 3044 studio
452 2977 600 3067 probare
612 2981 778 3063 tentabat,
805 2983 966 3072 quodque
978 3006 1058 3051 suae
1074 2983 1247 3052 doctrinae
1262 3003 1367 3070 quarn
1457 3023 1458 3026 =

220 3075 365 3146 maxime
390 3088 462 3146 erat
486 3079 675 3163 adversum,
700 3083 813 3150 omnia
830 3107 902 3152 esse
927 3089 976 3153 'ex
994 3107 1061 3154 nno
1088 3086 1277 3172 eodemque
1300 3082 1367 3150 inis

220 3180 282 3252 tio:
302 3188 435 3263 exorta,
470 3183 675 3271 argumentis
708 3184 744 3252 id
777 3186 934 3254 refellere
966 3187 1160 3258 institueret.
1210 3187 1366 3270 Quorum

220 3279 369 3351 muium
396 3304 439 3349 ne
464 3283 636 3352 minimum
657 3287 796 3374 quidem
822 3289 998 3382 vestigium
1023 3292 1058 3358 in
1073 3293 1275 3379 Arraxagora
1301 3287 1367 3355 de-

219 3383 451 3473 prehenditur.
490 3423 535 3452 -,
587 3390 756 3476 At-quod
785 3391 829 3458 ad
856 3393 999 3482 primam
1026 3393 1260 3462 difficultatem
1287 3391 1366 3458 atti-

218 3493 295 3567 net,
328 3507 388 3556 cur
413 3488 632 3579 Anaxagoras
658 3491 757 3558 aliam
784 3495 871 3560 viam
897 3495 1062 3585 ingressus
1088 3495 1188 3562 luerit
1213 3517 1253 3562 ac
1278 3493 1365 3560 Dio-

219 3605 342 3671 genes,
377 3589 504 3653 multae
536 3591 679 3657 rationes
705 3596 816 3659 animo
852 3606 990 3683 possunt
1015 3598 1177 3688 cogitari,
1217 3586 1263 3662 ita
1289 3596 1364 3683 qui-

219 3681 316 3768 dem,
351 3692 404 3768 ut,
439 3709 543 3773 quum
573 3691 701 3778 primus
727 3705 871 3761 ureuteru
897 3719 917 3760 a
943 3699 1059 3766 ceteris
1081 3701 1240 3765 ‘strionibus
1265 3699 1365 3764 rebus

220 3791 448 3874 segregasset,
480 3789 553 3878 ipse
569 3807 645 3860 non
671 3791 747 3860 ratis
772 3797 998 3886 perspiceret,
1035 3801 1211 3889 ‹pnorrrodo
1238 3799 1360 3866 nihilo·
1388 3867 1389 3872 ,

220 3885 331 3955 minan
362 3885 397 3953 in
429 3889 530 3957 rebus
564 3891 642 3982 ipsis
675 3915 752 3963 cnm
787 3897 926 3967 materia
958 3902 1134 3972 coniuncta
1167 3911 1268 3982 esset3
1307 3911 1365 3968 ant

220 3986 329 4056 maior
354 3987 493 4059 fortasse
518 4001 552 4060 et
575 3999 795 4086 praestantior
820 4005 1051 4092 paramentis
1077 4015 1195 4074 natura
1220 4004 1285 4095 ipsi
1311 4003 1364 4071 vi·
1457 4045 1458 4064 ι

222 4175 431 4194 unu—...an-

205 4263 265 4365 'rinp
281 4287 337 4340 ulla
353 4261 384 4340 ra
400 4305 483 4374 nepae
498 4289 565 4344 bena
588 4291 731 4363 potiretur,
755 4313 788 4353 ac
811 4315 903 4368 nnuc,
924 4319 1007 4372 quarn
1027 4305 1086 4366 sola
1110 4305 1145 4361 sit
1168 4323 1217 4374 per
1238 4323 1275 4370 re.
1315 4305 1363 4360 rat

216 4365 287 4411 earm
303 4371 336 4436 ea
352 4357 526 4430 rnlrtrlrsannn,
539 4365 597 4432 ,Dis
628 4418 630 4424 ,
687 4435 693 4448 .
725 4417 728 4422 .
1111 4420 1114 4425 -
