2942 4996
179 363 223 442 aq
387 354 487 422 one.
508 359 561 423 eo
604 313 795 460 sanese
822 354 870 417 11.
912 351 1014 420 ose.
1037 357 1091 420 so.

184 526 455 620 σιἰνίστατα,
501 524 618 604 ὥστε
656 519 804 600 ταῦτα’
844 519 1137 600 εἶναι.ἀ’λλεῖ
1165 519 1332 600 ,πάντα

183 631 337 726 ταῦτα
362 635 406 701 ἐν
424 630 520 720 sod.
540 626 684 702 αὐτοῦ
708 622 1051 724 ἑτεραιαύμενα.
1068 625 1232 706 eston
1258 622 1332 700 dt-

183 738 286 808 tota
312 731 627 823 ytyvsveeeat
653 737 693 812 ic
716 725 770 807 ‘td
794 722 909 802 eiad
935 725 1199 824 ἀναχωρέει.

183 912 251 964 inter
266 927 295 964 se
309 911 479 976 qualitatibus
503 913 644 966 distinctas.
679 915 739 966 Hoc
772 927 796 965 e.
812 907 907 964 πάντα
923 906 958 962 ad
974 904 1004 961 ἐν
1020 907 1091 978 τῷδε
1106 908 1148 978 τῷ
1159 905 1254 978 κόσμῳ
1267 904 1334 962 ἐόν-

182 979 252 1032 idem
270 980 333 1032 dicit
349 981 400 1032 hoo
418 983 489 1034 inco:
507 983 557 1035 nisi
565 999 653 1036 omnes
663 983 738 1050 plau-
772 997 815 1032 τα.
850 980 925 1032 Haeo
948 976 1037 1030 omnio
1059 993 1089 1028 ex
1112 991 1164 1028 uno
1185 977 1335 1043 eodemque

182 1055 227 1102 tao
243 1048 381 1116 omnisque
398 1052 533 1117 emanatio,
549 1059 650 1118 etqnne
663 1068 740 1119 preo-
772 1048 840 1101 aiios
863 1046 931 1110 aiio,
955 1048 1000 1099 sed
1022 1061 1074 1097 nou
1096 1044 1172 1110 plone
1193 1051 1219 1096 et
1235 1051 1335 1100 nutum

182 1125 254 1169 terea
276 1117 345 1169 oiiae
367 1128 427 1171 sunt
452 1137 493 1171 res
518 1118 739 1177 naturalem-nisi
771 1134 820 1168 sua
837 1115 957 1180 dinem,
982 1117 1062 1177 dont,
1086 1113 1164 1178 idque
1187 1109 1335 1181 issent-

183 1186 252 1237 haee
269 1186 358 1238 omnin
374 1186 412 1240 ita
429 1189 567 1251 exsistant,
593 1195 622 1240 nt
639 1205 671 1240 ει
687 1204 738 1240 uuo
773 1180 912 1250 σύμεναι
928 1183 946 1235 i.
965 1199 988 1236 e.
1007 1179 1177 1248 ἑτεροιώσει,
1194 1195 1227 1234 oo
1244 1199 1334 1249 sensu,

184 1255 322 1324 eodemque
351 1258 477 1325 principio
508 1264 637 1318 constent,
667 1258 739 1308 onius
772 1270 824 1321 qno
841 1267 921 1318 snpra
937 1251 1084 1318 expositum
1103 1252 1221 1304 est.·Pro
1236 1252 1335 1320 ydes-

182 1327 283 1390 e'emper
311 1332 435 1376 notorem
471 1331 626 1376 conseruent.
670 1325 739 1376 Nam
772 1339 846 1383 ται,
864 1320 933 1387 quod
947 1319 1194 1388 apudSioaplieium
1204 1327 1253 1384 est,
1268 1320 1335 1374 seri-

183 1407 265 1458 qunm
282 1408 372 1444 omnes
389 1409 439 1455 res,
455 1394 487 1446 do
504 1393 598 1460 quibus
614 1393 666 1444 tuoe
681 1394 740 1444 ioeo
771 1391 813 1459 psi
829 1389 958 1458 γίγνεται.

183 1459 254 1527 egit,
272 1461 741 1529 esimpiioioribuseorporibmcom·
803 1487 811 1500 ·

183 1537 326 1594 ponuntur,
343 1530 504 1594 hasenaro,
524 1531 564 1583 uti
581 1530 742 1582 demonstro·
809 1524 870 1580 nei
888 1520 920 1586 te
935 1520 976 1579 sd
992 1519 1081 1578 αὐτὸ
1106 1520 1332 1596 ἀναχωρέει]

184 1604 240 1650 tum
257 1604 305 1660 est,
320 1599 388 1650 inter
404 1616 432 1650 se
446 1599 549 1652 misceri
566 1615 617 1652 nou
635 1599 742 1666 possint,
775 1600 802 1648 et
818 1596 845 1647 iu
862 1595 933 1646 idem
949 1594 1075 1659 redeunt,
1098 1611 1180 1660 quum
1196 1596 1334 1650 intereunt

184 1664 234 1718 nisi
251 1683 302 1718 una
319 1667 463 1734 eademque
478 1669 599 1721 omnibus
615 1667 649 1720 sit
665 1674 741 1720 netu·
775 1665 832 1718 Non
850 1665 929 1731 piane
945 1663 972 1715 iu
989 1662 1057 1714 nihii
1075 1671 1273 1730 eonvertatur,
1289 1666 1335 1718 sed

185 1751 228 1796 ne3
245 1736 369 1802 sequitur,
387 1738 502 1804 piantes,
519 1736 663 1801 animalia,
680 1737 744 1789 reii-
775 1749 879 1799 sempor
886 1738 990 1785 manent
999 1731 1066 1784 iilud
1074 1731 1152 1796 idem,
1167 1733 1247 1789 etium
1254 1752 1335 1803 quum

185 1818 239 1870 qna
267 1805 372 1856 omnino
396 1807 519 1858 exsistere
542 1822 593 1858 nou
619 1805 743 1872 pomisne,
777 1803 914 1854 solvuntur
939 1817 1035 1867 easque
1062 1799 1217 1866 qualitates,
1241 1803 1336 1870 quibus

185 1871 237 1942 nisi
254 1888 304 1922 uno
322 1873 451 1940 principio
468 1874 561 1939 posito.
588 1876 617 1926 lu
634 1891 686 1940 quo
703 1880 746 1925 tu·
777 1877 865 1922 αειιιιε
880 1869 1009 1936 quaedem
1026 1885 1068 1920 nes
1086 1871 1174 1922 iactae
1189 1880 1271 1936 orant,
1288 1873 1336 1926 do-

185 1955 246 1990 men
264 1939 316 1990 hoo
332 1942 483 2002 tenendum,
510 1957 613 2006 semper
635 1949 661 1992 et
683 1941 745 1993 ubi·
776 1944 926 2006 posuerunt.
956 1938 997 1992 cf.
1017 1940 1240 1996 senemaud-tr.
1265 1943 1336 1995 eud

186 2023 236 2073 que
253 2011 373 2058 nannum
390 2007 417 2058 in
440 2008 603 2060 immutando
619 2007 745 2074 principio
778 2007 873 2072 Simpi.
890 2023 917 2071 ρ.
933 2007 984 2059 da.
1006 2002 1036 2071 ἐξ
1053 1997 1094 2058 dv
1111 2005 1143 2061 di
1159 2007 1260 2076 γένεσις
1276 1959 1343 2064 ἕσιν

187 2081 274 2128 eorm·
291 2081 317 2126 et
338 2075 403 2128 tinus
428 2075 501 2142 loges
518 2076 608 2142 sequi,
636 2092 688 2144 quo
704 2077 745 2138 fit.
777 2079 839 2134 soie
855 2066 927 2138 odos,
945 2074 993 2130 nei
1008 2070 1060 2142 τήν
1078 2075 1196 2143 φθορὰν
1213 2079 1251 2139 εἰς
1265 2079 1337 2133 ταῦ-

187 2150 216 2196 ut
232 2147 305 2196 eerta
322 2159 409 2194 rorum
427 2161 524 2212 genera
541 2147 593 2196 sint
608 2151 746 2212 certaeque
778 2161 813 2196 τιι
829 2142 973 2212 γίγνεσθαι
990 2140 1062 2198 κατὰ
1079 2142 1111 2199 τὸ
1123 2143 1220 2215 χρεόν.
1238 2148 1336 2216 Simpi.
1444 2151 1445 2160 ’

187 2215 293 2277 speeies.
328 2211 461 2277 Simplicii
485 2208 573 2266 ταιῖιό
599 2214 701 2266 mutavi
718 2213 745 2266 in
778 2219 869 2264 autem
881 2213 966 2264 notet
983 2231 1032 2280 pro
1049 2210 1086 2278 te,
1103 2217 1267 2283 quindenam,
1279 2219 1335 2281 eleg

186 2278 288 2343 τωύτό,
306 2279 385 2341 simili
404 2288 536 2348 permotus
552 2283 647 2346 formo,
665 2298 745 2348 quam
779 2288 806 2332 et
822 2297 870 2346 pso
888 2279 1040 2348 ἀναχωρέει
1053 2291 1210 2339 consuetam
1222 2287 1337 2342 inimum

187 2364 230 2473 ἲρ.
255 2351 403 2434 Aqaxugor.
431 2351 500 2402 forte
529 2351 637 2405 retinuit
661 2352 695 2403 ir.
719 2350 746 2414 8,
779 2347 924 2470 ⁰²:“i,⁰ss⁰{²'
947 2352 1009 2470 di'id.
1028 2353 1061 2471 qd
1075 2352 1115 2473 iri
1132 2357 1159 2438 ¹:
1173 2355 1336 2441 iiiaaddom,

202 2436 303 2472 ωυιοιι.
812 2436 837 2471 ιε
930 2436 945 2470 u
979 2437 1031 2472 eun
1049 2437 1091 2473 om
1151 2441 1159 2476 ι
1196 2443 1239 2479 ται
1259 2429 1338 2482 otei.

222 2484 312 2543 ἄλλα
329 2484 446 2540 πάντα
468 2489 587 2541 ταῦτα
603 2517 638 2528 -
655 2483 745 2541 ἄνα·
776 2436 824 2545 io.
842 2437 1056 2556 itutdoaodnavu
1074 2437 1198 2560 eteigpg
1223 2445 1334 2562 ήερρω.

187 2555 337 2624 χωρέει]
358 2557 437 2609 Redit
448 2558 580 2644 Diogenes
596 2557 629 2609 ud
641 2556 678 2624 id,
697 2573 745 2608 ιιιι-
779 2558 863 2623 οὔτε,
879 2554 1090 2628 ἑτεροινῦμενα,
1115 2561 1180 2617 nitio
1197 2581 1337 2632 operamus

188 2627 222 2680 de
238 2642 357 2700 egresstn
374 2633 438 2682 ent.
462 2645 579 2682 πανιιι
594 2625 708 2682 ταῦτα
725 2626 744 2681 i.
776 2631 876 2694 oporto

659 2809 866 2822 ——uq

292 2937 378 3026 Cap.
406 2935 466 3005 30.
518 2938 691 3030 Diogenes
714 2939 828 3032 igitur,
864 2940 924 3036 ιφι
950 2942 1077 3010 dictum
1103 2952 1163 3027 est,
1189 2932 1346 3035 probare*

189 3035 259 3108 hoo
274 3037 467 3130 fragmento
492 3041 614 3130 studet,
641 3065 756 3112 omnes
780 3067 844 3131 res,
869 3055 1037 3134 quotquot
1062 3043 1186 3112 in‘hoo
1210 3046 1347 3113 mundo·

189 3147 280 3226 sunt,
314 3164 355 3210 ex
381 3142 505 3211 eodem
530 3143 624 3212 initio
650 3147 813 3238 originem
841 3147 984 3231 ducere,
1015 3145 1098 3228 sive,
1125 3145 1218 3233 quod
1244 3149 1337 3216 idem

191 3253 258 3328 est,
283 3267 395 3313 rerum
418 3247 546 3316 initium
577 3270 646 3317 esse
670 3273 772 3319 unum
787 3251 947 3340 idemque
965 3248 1122 3316 omnium.
1173 3248 1251 3316 Hae
1274 3273 1338 3317 au-

188 3354 257 3415 tem
280 3349 354 3438 ipsa
370 3371 407 3418 re
429 3349 534 3443 longe
558 3355 766 3442 superiorem
790 3377 825 3422 se
840 3355 984 3445 praebet
1000 3353 1152 3421 omnibus
1168 3363 1243 3420 ante
1259 3376 1338 3420 eum

188 3449 410 3542 physiologis.
463 3457 550 3522 Nam
578 3478 682 3544 quum
709 3478 840 3538 omnes,
883 3457 942 3545 qui
974 3479 1075 3523 unam
1100 3455 1248 3544 aiiquam
1274 3451 1337 3548 α’ρ·

190 3541 256 3638 χήν
283 3573 354 3619 esse
379 3563 575 3639 statuerent,
603 3579 667 3624 eur
690 3559 736 3625 ita
761 3566 959 3638 statuerent,
986 3558 1169 3625 rationibus
1195 3559 1338 3626 demon·

190 3658 292 3715 strare
318 3652 565 3742 neglexissent:
603 3660 729 3747 primus
761 3662 834 3750 ipse
867 3679 936 3724 non
969 3659 1080 3725 solum
1105 3659 1206 3743 vidit,
1243 3659 1337 3748 quod

190 3749 271 3815 istos
295 3752 390 3818 latuit
415 3777 548 3842 ennoea,
583 3760 643 3827 sed
670 3760 763 3828 haud
791 3769 962 3829 cunctatus
987 3779 1122 3825 ananum
1149 3763 1250 3830 etiam
1275 3760 1337 3828 ad-

190 3852 295 3919 movit
320 3855 427 3942 operi,
454 3858 642 3950 insignique
666 3863 783 3931 mentis
810 3863 961 3932 acumine
986 3861 1034 3942 id,
1063 3860 1159 3946 quod
1183 3865 1218 3931 in
1243 3865 1339 3955 prio·

189 3955 281 4023 ribus
315 3956 552 4047 desiderabat,
586 3963 746 4054 supplere
779 3965 925 4033 instituit.
985 3963 1107 4050 Neque
1138 3962 1174 4029 id
1208 3968 1337 4036 mirum.

191 4058 345 4150 Namque
359 4070 404 4129 et
432 4061 575 4132 Eleatici
602 4066 802 4160 philosophi
827 4089 944 4136 revera
969 4074 1041 4134 tum
1066 4065 1248 4134 rationibus
1274 4069 1339 4134 de-

192 4174 376 4232 monstrare
402 4164 514 4234 conati
540 4176 654 4252 erant,
690 4166 729 4239 ἓν
754 4166 849 4242 εἶναι
875 4162 921 4242 ed
945 4169 1043 4248 ιιᾶν,
1076 4191 1220 4258 quorum
1246 4177 1339 4238 certe

192 4260 307 4330 notitia
332 4267 445 4356 aliqua
471 4267 516 4337 ad
541 4269 734 4362 Diogenem
759 4282 975 4364 pervenerat3
1001 4281 1036 4341 et
1054 4291 1223 4344 recenseo
1249 4281 1338 4340 tem-
