2966 4990
578 465 580 474 ι
619 428 721 500 DAP.
749 422 825 500 {tb-¹
981 493 985 500 .
1236 435 1276 504 tl

127 589 258 696 possis,
298 606 414 670 tatum
431 599 524 672 huno
548 601 593 671 de
618 591 716 672 venis·
736 601 871 687 locum,
910 587 1027 694 paucis
1051 621 1157 673 nexus
1180 590 1281 674 'eausa

126 703 288 788 adiectis,
331 704 491 774 continno
525 712 676 775 e‘eoutum
711 727 782 775 esse
812 704 937 798 fragm
964 704 1034 792 vt,
1077 729 1289 797 omnemque

127 805 259 874 deinde
297 805 342 874 de
374 808 500 876 semine
531 808 722 876 animalium
755 808 1013 898 disputationem
1049 809 1092 876 ab
1126 813 1288 878 extremis

127 907 233 976 huius
257 908 366 976 verbis
389 932 613 1002 progressam.
664 909 735 979 Sed
769 899 879 979 obstat
902 899 1067 1001 Simplicii
1091 912 1281 980 auotoritas.

127 1011 224 1104 Nam
249 1010 403 1111 ἐφεξῆς
431 1013 453 1082 i.
486 1035 515 1083 e
546 1012 728 1106 deinceps,¹
763 1013 798 1082 iu
822 1012 878 1097 iis,
919 1036 1007 1103 quae
1038 1014 1192 1103 proxime
1223 1037 1277 1082 se·

85 1197 88 1207 ¹
127 1115 340 1202 quebantur,
362 1133 441 1181 eum
466 1113 710 1185 demonstrasse
734 1113 795 1196 ait,
828 1115 1042 1184 animantium
1068 1137 1182 1182 semen
1207 1139 1282 1203 esse

127 1213 311 1304 spirabile,
349 1213 529 1305 additque,
560 1240 719 1286 venarum
745 1215 1006 1308 descriptionem
1031 1216 1085 1298 iis,
1119 1240 1205 1305 quae
1232 1216 1281 1298 de.

127 1315 201 1400 hae
224 1338 262 1382 re
288 1323 322 1385 et
348 1314 393 1384 de
418 1312 563 1414 norietur
589 1327 781 1410 exponeret,
796 1318 916 1412 saissa
933 1317 1183 1410 xinterpoeitom
1210 1321 1276 1410 (ἑν

128 1418 201 1498 οἷς
225 1455 286 1516 -1
303 1419 670 1516 napodldoaow).'
704 1422 818 1506 Quare
843 1443 897 1489 res
921 1423 977 1488 ita'
994 1421 1156 1488 adornata
1180 1421 1276 1490 vide-

127 1529 186 1588 tur
211 1521 312 1589 fuisse
337 1543 358 1586 a
382 1521 548 1612 Diogene.
584 1521 689 1606 Quod
714 1523 838 1612 fragm.
856 1520 906 1589 Vl
931 1523 966 1589 in
985 1521 1172 1589 universum
1192 1544 1280 1612 pro-7

126 1621 260 1712 posuit,
298 1627 376 1688 aire
406 1623 518 1690 omnia
542 1623 728 1692 animantia
761 1631 795 1691 et
818 1623 933 1700 vivere,
960 1630 993 1692 et
1019 1620 1135 1692 audire
1167 1633 1202 1691 et
1226 1623 1277 1692 ri-

129 1724 214 1791 dere
239 1744 442 1810 omnemque
467 1724 602 1791 omnino
629 1719 752 1820 νοήσιν
775 1724 947 1809 habere‚·
964 1723 1025 1793 sed
1050 1725 1175 1792 variam
1201 1747 1276 1798 eam

129 1847 172 1894 ac
204 1823 370 1892 diversam
394 1845 460 1914 pro
485 1826 638 1894 mutabili
664 1825 746 1894 airis
771 1835 903 1893 natarat
939 1825 977 1892 id
1007 1827 1117 1917 ipsum
1149 1827 1217 1894 iam
1242 1828 1279 1902 in¹

130 1927 270 2018 siugulis
304 1925 518 2016 diligentiore
552 1927 772 2018 explicatione
803 1935 997 2018 persecutus
1030 1951 1100 2000 esse
1134 1929 1279 2008 ridetur.

129 2030 170 2096 ln
195 2027 250 2095 his
269 2050 350 2096 vero
364 2029 475 2119 primo
491 2029 571 2098 loeo
586 2030 767 2097 ostendisse
790 2029 932 2113 videtur,
959 2052 1028 2118 quo
1042 2029 1147 2098 modo
1163 2030 1275 2122 prima

129 2132 218 2200 vitae
242 2130 335 2200 initia
360 2128 556 2200 animalibus
583 2132 618 2199 in
644 2139 732 2199 adre-
745 2132 856 2222 posita
879 2131 958 2218 sint,
998 2133 1185 2221 siquidem
1219 2157 1274 2208 se,-

130 2255 226 2318 meu,
253 2255 294 2300 ex
319 2255 387 2320 quo
413 2242 605 2321 nasoantur,
632 2241 822 2325 spumescat
847 2239 924 2300 aire
949 2224 1142 2325 perfusum,
1166 2232 1214 2314 ita
1238 2242 1277 2324 ut

130 2337 242 2424 ipsum
266 2329 489 2429 ἀφροδισίων
514 2358 638 2419 nomen
663 2336 744 2405 inde
772 2334 1009 2428 explicandum
1037 2344 1194 2405 censeret.
1227 2338 1272 2404 of.

138 2437 299 2506 Clemens
311 2438 419 2510 Alea.
435 2438 586 2529 Paedag.
603 2437 687 2524 1,6.
701 2462 735 2528 p.
751 2437 811 2506 14.
828 2432 1114 2503 ed.Flor.1551.
1130 2436 1224 2518 τινὲς
1234 2439 1272 2508 δὲ

133 2531 246 2610 unito*
252 2539 396 2634 σπέρμα
403 2535 570 2624 τοῦζσᾶοο
578 2532 699 2632 οἱφρόν
708 2535 801 2608 εἶναι
809 2535 878 2608 τοῦ
892 2532 1136 2626 αἴματοςιιατ’
1147 2532 1274 2608 οὐσίαν

131 2638 391 2713 ὑποτίθενται·
419 2636 441 2709 ὅ
467 2633 511 2732 δή
536 2639 584 2734 τῇ
605 2637 757 2731 ἑμφοτῷ
783 2635 932 2732 ἄῤῥινοε
946 2636 1068 2733 θερμῇ
1086 2632 1188 2732 σαροῖ
1209 2631 1279 2724 τοῖς,

133 2733 338 2830 συμπλοκαῖς
369 2741 595 2834 ἑαταραχθὲν
634 2731 904 2835 ἐνριαιζόμινον
946 2738 1168 2832 ἐξαφροῦται
1207 2735 1274 2811 ιισῖν

133 2845 212 2919 ταῖς
237 2838 455 2934 σπιρματίσι
480 2837 732 2934 παρατίθεται
758 2837 900 2943 pieplo.
935 2840 1157 2912 ἐντεῦθεν
1182 2833 1273 2934 reip

135 2940 155 3015 ὁ
179 2935 554 3039 Ἀπολλωνιάτης
579 2942 803 3038 Διογένης
827 2932 885 3012 roi
911 2936 1166 3040 ἀφροδίσια
1193 2943 1273 3014 νέ-
1322 3025 1324 3030 ,

134 3045 330 3134 etonem
355 3035 587 3133 βούλεται.
641 3042 733 3127 Quid
752 3050 929 3135 praeterea
952 3041 995 3110 de
1010 3043 1141 3111 seminis
1156 3053 1274 3112 natura
1363 3047 1364 3052 ’

118 3141 287 3212 'docuerit
311 3144 501 3236 Diogenes,
525 3145 688 3212 nonsatis
709 3151 859 3228 constat,
886 3165 989 3232 quum
1012 3168 1054 3212 ne
1078 3169 1119 3212 ea
1137 3145 1275 3236 quidem

135 3246 265 3333 omnia,
297 3268 385 3335 quae
406 3256 518 3314 narrat
541 3245 713 3325 Clemens,
749 3247 794 3314 ad
816 3247 1007 3337 Diogenem
1030 3249 1198 3336 pertinere
1226 3245 1276 3311 vi-

135 3347 274 3416 deantur
289 3342 333 3439 l).
384 3347 455 3416 Sed
477 3350 544 3415 iarn
567 3348 739 3419 hocloco
761 3347 912 3434 quaestio
934 3346 966 3412 ei
986 3371 1021 3415 se
1038 3349 1177 3432 obtulit,
1208 3367 1275 3433 qua

136 3450 185 3518 via
200 3456 257 3518 air
271 3449 306 3516 in
328 3471 405 3517 vasa
418 3449 478 3516 illa
499 3472 614 3518 semen
634 3449 836 3519 continentia
849 3447 1062 3537 pervenerit,'
1081 3471 1144 3519 aee
1165 3447 1301 3537 potuit„

136 3553 264 3634 iacere,
290 3551 370 3640 quin
396 3551 506 3620 statim
528 3554 574 3621 de
595 3574 753 3621 venarum
775 3573 837 3641 per
851 3559 959 3618 totum
979 3572 1102 3640 eorpus
1121 3549 1277 3617 distribu-

137 3655 223 3722 tione
235 3654 427 3746 diligentius
443 3664 578 3746 ageret,
603 3677 710 3744 quum
723 3654 844 3720 harum
858 3675 927 3743 ope
941 3659 1051 3726 aiirem
1068 3655 1194 3740 ubique
1206 3651 1276 3718 dif-

139 3754 230 3822 fundi
252 3764 286 3823 et
310 3756 345 3824 in
363 3759 435 3848 ipsa
455 3758 616 3849 genitalia
639 3767 816 3848 penetrare
838 3764 1004 3824 statueret.
1055 3757 1166 3825 Venas
1188 3754 1276 3822 eninr

139 3857 309 3948 propriam
324 3868 358 3927 et
377 3859 557 3951 genuinam
571 3861 765 3951 incorpore
790 3857 980 3929 animalium
999 3859 1084 3928 airis
1104 3855 1205 3929 calidi
1221 3876 1277 3930 ra-,

203 4153 236 4222 l)
253 4153 359 4207 Similia
373 4155 456 4208 babet
471 4171 495 4208 e.
512 4173 539 4226 g.
558 4158 731 4228 Hippocraten
744 4176 790 4212 sen
806 4157 850 4224 qni
868 4157 972 4210 tandem
987 4154 1086 4206 librnnr
1103 4151 1135 4202 de
1152 4147 1279 4200 Genitore

141 4223 285 4292 perscripsit
301 4223 382 4276 alins:
399 4229 461 4276 seat.
477 4227 522 4277 111.
540 4244 566 4292 p.
585 4231 626 4280 tl.
643 4229 683 4280 ed.
700 4229 778 4282 linia.
801 4225 967 4298 τριβομένου
984 4219 1016 4276 δὲ
1032 4223 1085 4275 rori
1103 4220 1214 4274 αἰδοίου
1231 4215 1279 4270 καὶ

41 4299 45 4308 “
141 4295 187 4348 τοῦ
204 4289 360 4360 ἀνθρώπου
378 4289 541 4360 αινεαμένσσ
559 4295 590 4348 rai
609 4291 694 4364 aipein
719 4298 902 4364 θερμαίνεται
926 4289 957 4345 ἐν
974 4288 1013 4360 api
1031 4286 1136 4355 onium
1154 4287 1198 4341 nal
1219 4289 1277 4354 δια-

144 4360 225 4432 κέεται
242 4361 451 4421 uuintoniam
467 4356 522 4417 rimi
540 4363 589 4432 τῆς
604 4365 727 4434 κινήσιος
744 4366 792 4421 καὶ
809 4361 917 4431 debiat·
942 4361 977 4414 ut
992 4359 1083 4413 inulti·
1099 4357 1159 4414 allis
1174 4357 1246 4410 loci·-
