2966 4990
608 394 720 462 cult·
735 385 816 462 'tat
1251 399 1296 462 n

147 575 395 652 νιὲοθαιιοΐι
416 559 597 666 ρἰιμηνόοι
606 623 620 657 ,
653 560 943 662 παροιιαιιιᾶτοι
968 565 1039 640 roi
1066 563 1318 660 ἦγοιιονιιιοιῖι-

146 673 299 742 Priorom
315 673 414 742 nutas
429 673 497 742 loci
511 681 642 763 partem
658 672 888 762 stragmenta
902 669 1106 760 viperam
1121 693 1206 754 erre,
1222 671 1296 739 cui-'-
1323 745 1330 758 ·

147 776 233 843 libet
247 775 428 864 probabile
448 774 634 858 videbitur,
661 773 719 862 qui
736 796 815 844 cum
832 774 887 859 iis,
912 795 1000 859 quae
1021 771 1127 840 modo
1145 772 1296 842 oPlaci·

146 878 188 944 tis
203 877 456 969 adscripsimus,
482 877 732 970 comparaverit
739 875 836 944 haec
856 875 975 942 verba.
1002 873 1078 946 ιιοιέ
1093 878 1192 946 u'orr
1211 899 1294 994 pq·-

147 979 237 1052 δὲ
219 1007 266 1050 ιν
293 977 315 1052 ὅ
338 1007 385 1052 τι
411 1007 471 1076 μη
498 979 682 1070 μετέχοι
703 970 859 1050 τούτου·
884 976 1071 1068 μετέχοι
1094 975 1132 1048 δέ
1151 971 1273 1048 οὐδὲ
1254 1003 1294 1046 ιν

147 1079 294 1202 ὁμηοέωι
301 1075 348 1154 ad
376 1087 502 1210 ἕιιρον
527 1081 581 1151 ‘rm‘
610 1081 738 1207 ἑτέρῳ,
776 1072 873 1154 α’λλα
891 1076 1039 1150 πολλοὶ
1055 1071 1215 1172 τρόποι
1214 1077 1293 1148 aori

146 1179 294 1254 αὐτοῦ
319 1183 403 1255 rori
438 1179 570 1278 ois'poc
601 1181 784 1277 καὶτῆς
816 1172 1001 1274 νοήοιος
1035 1178 1138 1252 ιῖσέν.
1188 1178 1292 1248 Unde

145 1284 244 1350 simul
272 1297 400 1353 certum
424 1294 490 1370 est,
526 1293 619 1351 recte
646 1282 776 1352 hahere
804 1282 984 1351 lectionem
1015 1281 1189 1373 vulgatam
1221 1281 1292 1354 τοῦ

144 1386 281 1480 νοητοῦ
293 1386 352 1458 nol
365 1381 483 1480 οἶέρος,
500 1408 609 1475 neque
625 1406 712 1476 opus
727 1409 797 1454 esse
810 1381 1068 1472 Wptlendocltii
1082 1385 1287 1466 conlectura,

144 1487 293 1575 alioquin
331 1488 613 1579 ingeniosissima,
653 1485 826 1581 νοητικοῦ
858 1481 972 1574 ἀέρος.
1032 1483 1163 1552 Hausta
1201 1485 1290 1551 enirn

143 1587 239 1657 haud
255 1590 357 1658 dubie
379 1589 468 1658 haec
483 1589 589 1657 verba
608 1595 684 1656 sunt
700 1609 740 1654 ex
754 1585 878 1656 ultimis
892 1585 977 1652 illis:
987 1623 990 1632 .
1002 1581 1121 1658 αὐτοῦ
1137 1586 1208 1658 rori
1221 1581 1289 1658 α’έ-

59 1735 66 1748 -
144 1713 206 1780 ρος
228 1689 287 1761 arai
309 1691 373 1784 τῆς
396 1684 560 1784 νοήσιος,
587 1710 781 1778 quanquam
798 1691 843 1758 ab
858 1687 928 1755 hoc
947 1687 1112 1777 scriptore
1125 1687 1306 1756 nonsatis.

144 1791 312 1860 intellecta
336 1813 407 1858 esse
422 1791 586 1864 videntur.
636 1792 787 1878 Reliqua
801 1813 882 1859 vero
898 1789 1032 1858 addidit
1050 1812 1093 1858 ex
1107 1790 1180 1858 aliis
1193 1789 1299 1875 locis,-

14 1939 17 1944 ·
143 1917 232 1982 qnae
260 1893 509 1964 interciderunt.
561 1893 684 1962 Statuit
710 1904 822 1963 autem
848 1915 890 1961 ex
916 1892 970 1960 his
991 1891 1184 1983 Diogenes,
1216 1891 1289 1958 anta

142 1997 243 2064 maiia
266 1990 389 2092 νόησιν
409 1995 548 2084 quidem
567 1997 788 2087 participare3
813 2017 914 2085 quarn
934 2004 1046 2062 tamen
1062 2017 1180 2064 eorum
1197 1987 1288 2090 utiq--

143 2098 244 2170 orosi
265 2120 341 2166 cum
365 2097 511 2166 humana
532 2098 702 2184 conseras,
728 2111 841 2167 mente
859 2097 964 2188 captia
980 2105 1107 2168 tantum
1121 2095 1290 2187 aequipa-

146 2201 212 2267 rari
238 2223 357 2291 posse,
399 2200 442 2270 ld
471 2200 569 2268 huius
596 2200 665 2270 loci
696 2201 825 2270 clarum
853 2211 927 2286 est,
962 2221 1027 2269 nec
1048 2201 1157 2270 minus
1186 2201 1289 2283 clara,

144 2323 232 2390 quae
255 2313 453 2392 sequuntur:
479 2298 857 2399 παριπιαιιιόιος
883 2301 968 2376 τοῦ
992 2299 1286 2396 ἡγεμονικοῦ.

141 2405 230 2472 Nam
250 2400 298 2477 ad
319 2399 535 2502 q‘yqroontdu
562 2414 611 2472 est
642 2428 754 2486 mens,
786 2399 922 2498 νόησις,
951 2401 1197 2496 παραπιαιίιν
1226 2422 1288 2469 au-

141 2517 225 2576 tern:
250 2507 428 2574 offendere
445 2507 478 2572 in
494 2509 606 2592 aliqua
624 2528 671 2590 re,
698 2503 833 2572 detrudi
851 2503 1001 2574 derecta
1020 2503 1090 2584 ria3
1115 2503 1196 2571 inde
1213 2526 1287 2570 ma-

140 2609 229 2676 xime
245 2609 290 2676 de
308 2608 434 2676 iudicio
450 2607 583 2675 mentis·
609 2629 772 2695 peccare,
798 2627 925 2689 errare,
951 2604 1032 2674 labi.
1084 2605 1194 2674 ldeo
1184 2605 1288 2698 igitur

140 2719 251 2782 mente
265 2709 371 2800 captis
387 2709 542 2776 animalia
557 2709 678 2777 similia
693 2731 764 2778 esse
781 2717 940 2790 autumat,
965 2707 1044 2796 quia
1060 2731 1177 2806 eorum
1193 2731 1286 2781 metas

139 2822 260 2902 peccet
278 2812 348 2880 sive
367 2819 466 2896 erret,
490 2810 524 2884 h.
540 2833 570 2878 e.
593 2812 671 2898 quia
692 2804 824 2906 νόησις,
849 2811 930 2901 ipsis
950 2831 1119 2895 concessa,
1146 2833 1204 2879 eos
1225 2832 1286 2881 ex-

138 2923 306 2982 ternarum
333 2935 445 2982 rerum
471 2913 653 3003 appulsus,
690 2915 811 3002 quibus
838 2936 951 2982 sensus
974 2913 1180 2994 efficiuntur,
1215 2935 1284 2982 non

138 3014 221 3084 tales
239 3015 358 3084 sentiat
372 3037 413 3084 ac
426 3017 610 3108 percipiat,
637 3017 754 3106 quales
773 3017 843 3084 veri
857 3028 947 3096 sunt3
973 3016 1221 3100 undaaccitlat,
1247 3025 1285 3083 ut

139 3119 250 3201 rebus,
276 3141 370 3187 sensu
390 3120 464 3209 ipsa
477 3120 717 3210 allicientibus,
741 3119 861 3187 falsam
883 3143 902 3185 a
922 3140 1069 3208 veraque
1091 3141 1206 3188 earum
1221 3139 1283 3184 na-

11 3213 13 3218 ’
138 3227 212 3287 lura
234 3222 376 3288 alienam
399 3222 546 3289 tribuant
564 3221 729 3311 speciem:
758 3244 826 3308 qua
849 3220 971 3288 eadem
991 3243 1029 3287 re
1054 3230 1166 3287 mente
1191 3219 1284 3308 capti

138 3322 295 3392 laborare
315 3325 432 3391 solent.
486 3324 656 3391 Fruuntur
675 3323 781 3412 igitur
803 3345 900 3390 sensu
926 3320 1100 3410 animalia,
1126 3321 1189 3390 sed
1216 3321 1279 3388 fal-

135 3425 250 3494 luntur
277 3425 323 3494 de
342 3448 422 3494 vera
442 3447 555 3494 rerum
575 3424 768 3496 conditione
791 3447 904 3494 seusus
930 3424 979 3491 sui
1003 3421 1177 3516 pravitate.
1230 3424 1285 3500 Er

136 3525 297 3597 hisvero
326 3528 542 3620 intelligitur,
575 3528 688 3596 nescio
718 3548 820 3616 quem
853 3548 1001 3594 errorem
1024 3525 1130 3594 inesse
1157 3526 1284 3596 verbis:
1388 3553 1391 3562 ’

136 3625 230 3724 μήτι
253 3634 492 3704 διανοεῖσθαι
496 3623 606 3750 ⁸perire
635 3623 881 3703 αἰσθάνεσθαι
890 3656 905 3719 ,·
930 3627 1024 3717 quod
1051 3628 1159 3719 magis
1181 3628 1283 3697 etiam

138 3732 315 3814 elucet,
291 3755 317 3798 st
334 3733 538 3821 memineris,
565 3745 636 3803 turn
656 3731 750 3802 hoc
740 3753 815 3822 rpso
835 3732 914 3800 loco
935 3731 1052 3799 iisdem
1068 3731 1131 3800 illis
1152 3731 1283 3800 anima·

137 3832 226 3900 libus
253 3859 426 3928 νοητον
452 3835 571 3919 tribui,
596 3844 667 3903 tum
687 3834 809 3936 fragm
837 3833 883 3901 vt
905 3833 1027 3902 diserte
1051 3833 1178 3903 dictum
1199 3853 1282 3914 esse,

137 3934 293 4000 animalia
314 3944 347 4001 el
367 3936 482 4005 videre
503 3948 537 4005 et
555 3938 672 4006 audire
683 3939 923 4026 reliquamque
950 3936 1080 4006 habere
1105 3927 1279 4026 νόησιν.

136 4038 257 4124 Neque
285 4058 388 4126 porro
410 4059 614 4127 quemquam
643 4062 713 4108 esse
744 4041 905 4128 arbitror,
931 4040 988 4129 qai
1020 4045 1131 4103 mente
1162 4045 1282 4131 captos¹

137 4140 229 4206 omni
257 4161 354 4206 sensu
389 4150 490 4227 atque
516 4141 737 4232 intelligentia
774 4142 947 4210 destitutos
978 4159 1052 4207 esse
1087 4135 1278 4205 contendat.

137 4243 235 4327 Quae
254 4265 359 4332 quma
379 4240 426 4310 ita
440 4241 522 4328 sirit,
551 4254 610 4312 aut
632 4245 735 4316 lectio
753 4245 955 4336 depravata,
980 4247 1056 4326 aut,
1080 4237 1175 4330 quod
1194 4248 1300 4356 prof
1327 4325 1332 4334 Ι
