2966 4990
614 367 718 452 car.
746 391 799 454 oo.
1217 390 1281 454 ron

2 567 27 612 ὲ
135 551 220 622 loeis
252 556 490 646 probabiliter,
528 558 667 650 opinor,
699 557 802 629 dulce
828 563 862 626 et
887 577 975 646 quae
1006 554 1042 622 id
1074 577 1182 648 genus
1212 555 1279 636 alia

135 664 226 740 suut,
260 660 415 730 calidiori
439 662 538 750 eique
562 662 706 730 tenuiori
739 660 856 752 generi
891 658 1151 749 assignabimus,
1186 681 1276 726 ama·

10 794 23 816 2
134 779 211 824 rum
236 772 353 831 contra
379 772 413 832 et
437 765 559 832 salsum
585 762 763 833 contrario.
815 761 1035 850 Reliquorum
1057 769 1170 828 autern
1196 784 1279 848 qua·

8 879 22 920 :-
134 859 264 929 litatum
291 867 422 954 aliquae
446 867 565 942 saltem
591 867 662 935 erui
687 873 826 955 possunt
852 886 893 930 ex
917 864 974 947 iis,
999 884 1087 950 quae
1107 861 1284 930 Eusebius

5 983 16 1024 :
136 960 182 1028 de
207 974 428 1061 ιιοσμοποιΐᾳ
448 968 612 1058 Diogenis
633 968 797 1035 memoria
822 965 989 1056 prodidit3
1013 987 1092 1032 nam
1116 964 1282 1032 levissima

5 1096 15 1119 ι
135 1085 292 1155 quaeque
317 1071 492 1158 superiora
515 1072 593 1138 loca
619 1071 826 1159 capessentia
848 1068 956 1135 solem
979 1065 1131 1135 effecisse
1152 1067 1216 1134 ait:
1243 1090 1283 1136 ex

2 1191 17 1232 c
135 1187 207 1252 quo
233 1169 388 1256 cuilibet,
427 1173 484 1258 qui
517 1181 670 1240 veterum
702 1171 932 1261 physicorum
955 1168 1117 1235 rationem
1142 1169 1282 1252 noverit,

10 1306 16 1314 ·
135 1268 265 1337 clarum
298 1273 377 1353 erit,
413 1273 647 1366 Diogenem
638 1297 670 1341 m
703 1281 816 1340 ae'rem
850 1271 974 1340 cadere
1007 1272 1108 1338 etiam
1133 1273 1281 1339 statuisse

10 1425 14 1434 .
134 1396 186 1441 το
214 1368 513 1467 κουφότερον
547 1374 622 1446 καὶ
654 1369 709 1447 τύ
733 1367 1014 1466 βαρύτερον,
1052 1373 1221 1439 levitatem
1248 1382 1282 1439 et

1 1508 13 1542 ι
101 1503 104 1511 ·
134 1474 343 1562 gravitatem.
398 1476 454 1545 cf
480 1477 591 1545 Arist.
619 1477 653 1546 d.
680 1477 769 1542 Part.
797 1474 895 1543 anim.
921 1473 957 1560 2,
986 1471 1019 1541 1.
1044 1495 1080 1562 p
1110 1471 1197 1542 483.
1225 1473 1279 1538 erl.

2 1623 14 1634 .
134 1572 198 1640 Du
228 1573 368 1644 Valt‘
346 1572 458 1671 υγρόν
480 1571 549 1671 ροῖρ
575 1577 636 1647 καὶ
634 1571 770 1698 ξηρον
796 1573 854 1645 κατ’
881 1567 1024 1691 θερμόν
1051 1572 1111 1644 καὶ
1138 1594 1281 1668 ψυχρον

135 1671 200 1770 ύλη
226 1677 299 1746 τύν
326 1679 511 1748 συνθέτων
538 1671 716 1768 σωμάτων
743 1675 851 1749 ἐστιν.
880 1679 925 1746 αἱ
952 1669 991 1746 ‹l’
1018 1673 1154 1748 ἄλλαι
1181 1678 1281 1745 δια-

136 1776 282 1903 φοραὶ
321 1776 510 1858 τούτοις
548 1775 931 1866 αἰιολσοθούσιν,
984 1775 1090 1847 οἷον
1139 1769 1282 1872 βύρος

1 1922 6 1951 t
134 1877 208 1946 uui
235 1873 462 2000 κουφότης
493 1879 570 1951 uad
593 1905 832 2002 πλλλλνθτης
864 1876 941 1950 uad
966 1871 1173 1972 μανόῒης
1204 1904 1281 1947 και

134 1973 360 2076 τραχύτης
399 2007 472 2052 ναι
505 1975 710 2076 λειότης,
751 2009 827 2054 ιιαι
853 1977 996 2053 τύλλα
1029 2006 1084 2051 τα
1109 1977 1281 2052 τοιαῦ-

133 2105 191 2150 τα
231 2079 361 2176 πύθη
396 2083 485 2155 vair
519 2077 752 2176 σωμύτων.
816 2080 1023 2151 Adliciamus
1055 2081 1160 2172 igitur
1194 2079 1281 2150 cali-

135 2179 222 2248 diori
261 2184 350 2272 parti
382 2185 585 2269 levitatem,
623 2185 793 2276 frigidiori
824 2183 1062 2301 gravitatem..
1115 2181 1187 2250 Sed
1225 2205 1283 2250 re-

133 2292 282 2353 vertatur
306 2285 497 2375 disputatio,
521 2287 613 2354 unde
638 2311 773 2379 egressa
800 2295 858 2359 est
911 2286 984 2353 lam
1011 2285 1100 2352 enim
1125 2306 1194 2351 non
1216 2284 1283 2349 du-

132 2385 328 2472 bitabimus,
367 2387 421 2456 his
447 2389 532 2456 aeris
563 2391 778 2478 qualitatibus
810 2389 1032 2453 adnumerare
1057 2384 1157 2450 etiam
1183 2385 1282 2450 rari-

132 2495 243 2556 tutem
270 2513 310 2560 ac
336 2489 567 2568 densitatem,
603 2516 652 2560 ro
689 2482 980 2582 ἀραιότερον
1007 2483 1083 2555 ιιαὶ
1109 2477 1164 2557 vo*
1189 2510 1281 2556 πα-

133 2585 380 2712 ιινύτορον,
420 2612 510 2677 quae
541 2589 677 2677 quidem
705 2613 746 2658 ex
772 2611 874 2677 supra
911 2587 1019 2654 allatis
1044 2585 1129 2653 locis
1154 2586 1282 2676 prinei-

133 2691 230 2780 pales
256 2691 340 2756 aeris
366 2692 541 2778 qualitates
569 2714 638 2757 esse
663 2691 873 2759 videbantur.
925 2689 1053 2758 Verum
1086 2710 1155 2755 non
1190 2697 1281 2765 sunt;

134 2791 193 2858 sed
227 2792 387 2879 quicquid
411 2793 498 2859 aeris
524 2793 657 2878 calefit,
694 2794 731 2859 id
763 2792 831 2861 hac
856 2792 932 2879 ipsa
957 2790 1002 2858 de
1028 2812 1128 2859 causa
1155 2799 1189 2858 et
1213 2790 1282 2857 ari-
1364 2847 1367 2856 ,

134 2893 238 2960 dions
266 2902 298 2960 et
323 2895 508 2963 mobilioris
535 2903 570 2962 et
596 2895 728 2964 rarioris
751 2904 786 2963 et
808 2894 942 2961 levioris
967 2901 1105 2960 naturae
1130 2892 1282 2980 quodam

133 2994 239 3062 modo
265 2997 435 3087 particeps
459 2998 514 3078 lit3
539 3006 657 3066 contra
681 3019 780 3082 vero,
805 2995 967 3084 quicquid
992 2994 1203 3088 frigidiorem
1219 3018 1282 3062 na-

133 3105 243 3164 turam
268 3098 392 3185 induit,
418 3099 644 3168 humidiorem
671 3101 785 3186 simrss,
822 3099 1030 3182 densiorem,
1063 3097 1282 3179 stabiliorem,

4 3201 5 3208 ’
133 3198 326 3290 graviorem
351 3200 385 3266 in
412 3223 487 3270 sese
511 3203 642 3291 recipit,
668 3202 714 3269 ita
739 3210 777 3268 ut
801 3200 954 3291 singulae
978 3200 1156 3286 utriusque,
1174 3219 1282 3288 gene-

5 3346 13 3396 ¹.
133 3303 177 3369 ris
203 3310 316 3392 partes
339 3325 503 3390 nusquam
528 3305 632 3393 plane
662 3304 747 3371 inter
772 3325 807 3370 se
833 3300 1015 3368 disiunctae
1041 3323 1082 3369 ac
1108 3309 1283 3387 reparatae

134 3405 214 3483 sint3
248 3404 308 3472 sed
335 3405 481 3492 quaein
507 3427 545 3472 re
571 3406 683 3493 aliqua
707 3404 900 3496 praevaleat
925 3402 1086 3490 cuiusque
1118 3401 1167 3468 vis
1197 3401 1282 3468 inter

132 3507 278 3595 reliquas
303 3508 448 3575 maxime
474 3507 635 3590 emineat,
672 3506 773 3576 huius
797 3514 950 3574 naturam
975 3526 1028 3571 res
1053 3524 1137 3592 prae
1162 3525 1198 3569 se
1223 3503 1280 3570 fe-

133 3617 194 3674 rat.
224 3607 362 3691 'Quare
386 3619 480 3679 recte
507 3611 720 3679 observatum
747 3616 795 3676 est
820 3631 841 3673 a
866 3607 1044 3691 veteribus,
1070 3627 1111 3672 ex
1129 3611 1207 3672 alite
1221 3613 1284 3672 aut

133 3709 300 3777 rarefecto
327 3720 383 3778 aut
409 3721 570 3781 concreto
595 3735 648 3780 res
674 3719 850 3802 generatas
875 3731 946 3776 esse
972 3732 992 3777 e
1016 3707 1178 3798 Diogenis
1203 3695 1281 3774 sen-

134 3810 255 3892 tentia,
289 3833 479 3901 quanquam
512 3816 622 3904 ipsum
655 3809 851 3904 Diogenem
883 3833 994 3879 rerum
1027 3810 1280 3902 generationem

135 3933 177 3979 ex
203 3910 287 3977 airis
313 3915 499 4008 θερμασίᾳ
531 3918 643 4006 potius
671 3924 705 3983 et
737 3911 841 4008 ψύξει
869 3913 1051 4000 derivasse,
1076 3911 1146 3980 veri
1174 3909 1283 3976 simile

5 4051 10 4078 t
135 4022 196 4083 est.
235 4015 305 4081 Res
331 4013 404 4103 ipsa
427 4026 542 4086 tamen
566 4019 611 4087 ad
636 4019 729 4086 idem
754 4016 895 4126 recurrit
909 4012 950 4107 ¹).
994 4014 1193 4100 Priusquam
1219 4033 1282 4078 au-

135 4195 343 4206 ......--——-

203 4301 236 4370 1)
252 4301 348 4356 aruer.
366 4298 420 4352 ron.
437 4299 487 4352 ru.
511 4316 538 4368 p.
556 4295 600 4354 us.
634 4277 708 4356 uas
732 4317 789 4356 var
809 4300 867 4354 rum
890 4297 933 4350 m
949 4293 1084 4350 uanum
1099 4293 1196 4366 μαι
1211 4294 1281 4348 aad
