2942 4996
508 392 926 459 Prnuuunrloa
1264 415 1290 470 ,v

137 567 190 632 isti
218 563 433 656 philosqrbi
452 565 657 652 insiderant,
691 589 761 636 nou
779 568 891 638 solum
906 574 1029 652 mota,
1062 567 1122 636 sad
1145 575 1288 644 tractatu

135 703 235 770 etiam
251 713 290 770 at
311 702 495 786 exhausta,
530 703 688 773 obstabat
708 704 811 789 nihil,
844 705 1039 792 quominus
1062 704 1286 802 adamata--

135 839 295 932 daganda
319 855 392 906 sese
416 848 648 910 converterent
669 839 1096 936 philosophorumstmlia.
1125 856 1129 920 j
1183 881 1186 886 -
1247 895 1249 902 ,

147 1017 150 1026 ,
230 977 327 1044 -lnter
355 975 463 1042 varios
481 973 617 1061 autem,
646 977 691 1044 de
722 979 843 1066 quibus
866 971 972 1074 modo
993 977 1079 1064 dlxi,
1113 977 1280 1065 antiquio-

135 1135 207 1178 rum
231 1112 516 1204 physiologorum
545 1123 683 1182 conatus
706 1138 810 1203 quum
833 1116 952 1184 mentis
977 1124 1095 1182 natura
1116 1113 1205 1182 fonte
1225 1114 1279 1182 iu-

134 1258 230 1316 venta
252 1248 442 1338 rectiusque
462 1251 640 1358 paullatim
673 1253 881 1340 considerata
907 1257 1007 1340 atque
1026 1250 1195 1318 intellecta
1223 1273 1278 1317 es-

133 1357 201 1470 set,
227 1396 281 1469 ut,
310 1387 369 1476 qui
391 1367 470 1457 tunc
489 1387 522 1453 in
544 1361 765 1478 philosophia
790 1386 947 1478 occupati
971 1389 1081 1474 eraut,
1107 1405 1174 1454 uon
1194 1407 1277 1476 pos-

11 1527 15 1542 '
132 1533 221 1607 sent,
250 1527 331 1611 quin
351 1524 511 1593 curiosius
535 1524 579 1592 de
602 1548 643 1591 ea
663 1541 700 1593 re
723 1532 879 1616 egerente
914 1524 1042 1615 duplex
1071 1517 1142 1590 fere
1168 1513 1277 1614 patuit

130 1661 204 1748 via,
226 1683 293 1747 qua
313 1660 516 1728 incederent.
568 1661 683 1728 Primo
703 1661 791 1728 euim
815 1661 887 1758 fieri
910 1661 1116 1752 potuit,“ut,
1139 1653 1275 1749 pristina

129 1795 231 1863 huius
258 1796 308 1861 rei
337 1796 530 1866 tractandae
558 1797 703 1881 ratione,
742 1818 810 1882 qua
838 1806 984 1862 mentem
1002 1817 1211 1886 corpoream
1243 1801 1276 1862 et

129 1940 321 2002 concretam
347 1922 434 2014 esse,
467 1932 607 2020 solaque
637 1957 657 1998 a
685 1932 803 2000 ceteris
826 1903 927 1998 rebus
953 1899 1113 2019 qualitate
1135 1924 1273 1998 differre

129 2065 334 2153 statuebant,
369 2077 514 2152 servata,
548 2089 658 2152 omne
675 2066 819 2136 studium
848 2067 882 2133 lu
912 2065 1101 2159 admirabili
1135 2067 1204 2134 eius
1232 2043 1275 2138 au

130 2207 232 2296 plane
255 2178 416 2296 singulari
439 2207 469 2274 ri
493 2214 526 2274 el
546 2207 683 2288 virtute,
698 2225 807 2292 'quam
828 2197 867 2270 iu'
884 2226 995 2271 rerum
1017 2212 1149 2273 exercet
1173 2199 1277 2300 natus¹

128 2319 228 2427 ram,
259 2342 451 2431 diligentius
472 2305 665 2434 indaganda
691 2351 793 2430 alque
823 2339 957 2409 uberius
982 2315 1184 2431 explicanda
1204 2363 1272 2431 po-

126 2489 258 2561 nerenl3
283 2479 378 2569 quod
399 2503 419 2544 a
433 2471 601 2569 prioribus
620 2475 835 2569 philosophis
850 2485 906 2572 aut
922 2453 1058 2545 omuino
1076 2477 1272 2568 neglectum

127 2627 218 2707 erat,
235 2593 309 2686 'aut
331 2591 443 2685 obiter
469 2623 502 2681 el
529 2607 630 2682 velut*
649 2614 684 2681 iu
708 2613 844 2681 transitu
867 2622 1004 2680 taclunn
1070 2611 1162 2682 Tum
1189 2638 1273 2684 vero

124 2757 193 2822 iam
214 2726 255 2822 eo
271 2756 306 2821 iu
328 2753 446 2824 mentis
468 2751 662 2840 cognitione
683 2743 853 2842 progressi
875 2759 986 2835 erant,
1011 2755 1048 2817 ul
1070 2760 1271 2841 acorporea

124 2859 245 2959 natura
270 2873 345 2956 eam
369 2887 568 2954 avellerent
595 2882 784 2979 separatim
803 2859 939 2974 possent
965 2881 1117 2956 tractare.
1169 2885 1269 2972 ¹Qua-

122 3051 201 3096 rum
218 3025 356 3115 quidem
376 3010 515 3092 alleram
543 3021 630 3089 viam
655 2989 846 3114 Diogenem
871 3023 1113 3114 Apolloniatcn
1138 3019 1269 3116 ingres-¹

11 3213 20 3227 ,
122 3189 198 3234 sum
223 3162 392 3246 videmus,
441 3161 582 3226 alteram
614 3161 869 3249 Anaxagoram
911 3170 1012 3249 alque
1047 3162 1117 3230 hoc
1152 3147 1269 3246 modo,

123 3327 212 3392 quae
232 3311 304 3368 tum
325 3297 463 3388 quidem
490 3297 524 3363 in
552 3295 631 3385 ipsis
659 3293 759 3364 huius
787 3298 837 3364 rei
861 3269 1077 3368 incunabulis
1094 3297 1140 3368 de
1158 3261 1270 3368 mente

124 3440 212 3508 tradi
231 3442 407 3528 poterant,
434 3439 602 3523 occupata
621 3440 715 3500 crant
736 3433 857 3504 omnia.
949 3479 955 3502 1
998 3494 1001 3501 .
1032 3516 1037 3526 ⁹

120 3609 121 3614 κ
156 3611 167 3626 ··
226 3575 298 3642 Sed
328 3572 373 3640 ad
400 3570 593 3662 Diogenem
625 3571 789 3660 pervenio
817 3568 1081 3660 Apolloniden,
1126 3570 1171 3640 de
1201 3591 1270 3658 quo

124 3713 183 3782 hic
202 3712 336 3778 libellus
359 3708 650 3799 conscriptus'est,
673 3728 740 3774 non
757 3729 836 3776 eum
855 3706 1145 3798 quidem.‚insigui.
1159 3707 1270 3784 rainae

125 3848 318 3916 celebritate
340 3847 578 3935 conspicuum,
606 3843 666 3912 sed
691 3843 881 3929 doctrinae,
907 3864 1008 3932 quam
1029 3844 1187 3927 excoluit,
1210 3867 1270 3912 na-

11 4039 25 4068 ,
123 3992 197 4056 tura
219 4007 287 4050 non
308 3986 433 4070 miuus,
460 4005 562 4072 quam
584 3981 707 4063 ceteri,
736 3981 794 4068 qui
821 3984 855 4050 ln
879 3981 1003 4058 eudem
1027 3979 1270 4071 philosophiae

124 4143 247 4211 genere
266 4119 465 4204 laudantur,
491 4117 761 4197 ineluctabilem.
813 4119 939 4204 Quid?
960 4118 1054 4208 quod
1071 4117 1175 4205 ipsius
1187 4136 1271 4182 seu-

125 4259 243 4342 tentia,
286 4257 469 4326 arctissimo
499 4281 577 4328 cum
604 4255 810 4344 reliquorum
841 4255 1126 4349 physiologmum
1154 4255 1271 4326 studiis
