2966 4990
624 399 736 466 car.
763 399 816 467 aa
852 423 857 444 ·
1070 369 1072 380 ’
1254 401 1298 469 or

115 663 117 668 ,
152 569 370 674 γεγενῆσθαι
388 575 449 648 καὶ
469 568 701 672 θερμότερον
715 567 893 670 ὑπάρχειν
905 565 973 646 eo'o
988 567 1151 668 dooere.
1176 567 1245 648 'oar
1260 575 1300 647 dd

153 680 251 766 ἄπᾳν
263 675 309 753 sd
323 677 488 774 ἀἐρῶδις
499 683 536 751 ἐκ
551 673 624 748 coir·
636 675 783 770 pisfldo
800 674 942 770 ἐκλίπῃ,
970 669 1138 748 θάνατοι
1161 664 1301 769 τυγχᾶ-

152 809 240 858 osor.
292 782 457 852 Somnum
484 779 589 872 igitur
610 779 685 848 lieri
709 778 813 847 docet
833 778 1017 868 Diogenes,
1044 777 1143 845 simul
1164 797 1205 846 ac
1225 799 1302 846 san-

154 875 249 977 guis,
274 885 425 972 undique
449 879 607 968 dilllrsus,
638 903 741 950 venas
763 880 965 970 complevit,
999 879 1301 969 comprehensum-

154 1009 222 1076 que
244 987 299 1054 his
316 994 429 1053 aorem
444 987 479 1052 in
493 995 611 1076 pectus
634 993 668 1052 et
682 991 832 1051 ventrem
844 982 1026 1073 ,compulit
1070 983 1116 1071 ln
1138 1003 1206 1071 qun
1225 985 1304 1072 qui-

156 1091 235 1157 dem
254 1110 292 1155 re
312 1088 408 1177 quod
425 1103 591 1157 summum
608 1096 674 1168 est,
700 1087 823 1174 liquet:
847 1084 918 1154 lroc
941 1086 1030 1152 enim
1051 1084 1086 1152 in
1101 1105 1219 1154 somno
1237 1092 1305 1176 po-

156 1193 316 1260 tissimum
339 1199 487 1280 spectat,
520 1188 632 1277 quod,
659 1188 741 1256 dom
771 1206 890 1262 somno
915 1195 1085 1273 tenemur,
1119 1188 1210 1256 omni
1232 1188 1305 1256 fere

156 1303 366 1360 externarum
388 1311 501 1360 rerum
526 1311 622 1358 sensu
646 1290 795 1358 destituti
823 1307 953 1372 sumus3
988 1291 1081 1360 cuius
1099 1291 1149 1358 rei
1169 1309 1305 1359 eausam
1329 1297 1330 1300 ’

154 1396 234 1462 inde
253 1394 395 1486 repetit,
421 1391 516 1482 quod
539 1402 610 1460 tum
633 1393 772 1480 quidem
795 1399 870 1476 aer,
905 1386 1033 1484 νόησιν
1055 1392 1246 1476 continens,
1271 1391 1306 1458 in

155 1497 312 1565 interiora
334 1496 487 1585 corporis
510 1495 588 1566 loca
610 1503 756 1562 retrosus
779 1494 839 1581 sit,
870 1513 940 1579 quo
963 1491 1103 1560 difficile
1129 1495 1258 1568 tantum
1285 1515 1306 1560 a

157 1601 256 1666 rebus
279 1599 419 1665 externis
441 1597 526 1664 ictus
554 1596 675 1683 aliquis
702 1601 736 1663 et
760 1585 923 1684 appulsus
944 1588 989 1660 ad
1017 1589 1095 1662 enm
1120 1587 1303 1686 pervenisti

158 1701 275 1768 Minus
289 1709 404 1766 tomen
424 1699 515 1766 clara
537 1706 587 1765 est
605 1699 678 1786 ipsa
691 1698 795 1781 ratio,
822 1719 890 1784 qua
912 1695 1001 1764 haec
1017 1697 1108 1764 liant.
1161 1696 1306 1782 Quaeri·

158 1811 213 1870 tur
227 1801 335 1884 enim,
361 1809 473 1868 utrum
489 1800 583 1888 quod
600 1799 698 1884 dicit,
724 1806 836 1867 adrem
855 1800 1017 1889 sanguine
1035 1798 1163 1867 retrudi
1186 1801 1220 1866 in
1241 1821 1306 1890 pe-

160 1914 234 1973 etus
251 1911 285 1971 et
300 1911 467 1987 ventrem,
494 1901 539 1969 de
562 1901 743 1969 maioribus
760 1902 828 1969 istis
851 1903 961 1984 venis,
987 1902 1129 1990 quaein
1150 1901 1202 1970 his
1222 1901 1307 1970 locis
1349 1950 1353 1956 -

112 2073 116 2078 .
159 2013 253 2090 suut,
279 2003 516 2095 accipiendum
532 2005 590 2089 sit,
614 2004 661 2070 ita
676 2013 713 2071 nt
734 2011 791 2072 adr
810 2005 940 2072 evenis
958 2004 1157 2072 exteriorum
1178 1993 1307 2095 corpo-

159 2109 204 2176 ris
228 2108 374 2198 partium
397 2090 728 2197 hue'compellatur3
754 2126 815 2191 an,
842 2107 1000 2196 quoniam
1021 2110 1218 2200 sangninem
1242 2129 1308 2174 un·

163 2211 268 2298 dique
286 2209 367 2300 (s'ni
392 2209 482 2299 πᾶν)
509 2208 655 2276 diffundi
678 2232 845 2298 venasque
866 2210 1011 2300 implere
1029 2209 1125 2298 dicit,
1152 2217 1265 2278 aerem
1288 2231 1308 2276 e

161 2305 396 2420 ‹tornjemium
411 2311 502 2379 venis
522 2313 623 2402 plane
643 2312 817 2395 excedere,
842 2313 949 2400 iisque
968 2313 1083 2399 aliquo
1105 2332 1309 2398 quocunque

161 2414 267 2484 modo
289 2414 412 2483 relictis
437 2415 581 2481 liberum
606 2437 669 2504 per
688 2436 795 2480 vacua
819 2413 965 2502 pectoris
984 2413 1174 2500 ventrisque
1202 2412 1310 2502 spatio

161 2517 280 2606 vagari
297 2515 508 2584 statuendum
528 2516 578 2580 sit.
631 2513 702 2582 Sed
725 2513 820 2602 prior
833 2515 918 2582 ratio
934 2513 1030 2582 unice
1044 2536 1122 2582 vera
1138 2522 1195 2592 est.
1221 2516 1310 2585 Nam

162 2640 267 2706 quum
292 2616 504 2706 vigilantium
524 2637 630 2682 venae
655 2623 688 2682 et
713 2621 789 2682 aere
814 2625 848 2682 et
867 2617 1030 2706 sanguine
1052 2617 1220 2707 permixto
1243 2619 1309 2684 im-

163 2721 276 2810 pletae
302 2717 382 2799 sint,
414 2737 549 2784 necesse
578 2725 645 2800 est,
686 2718 855 2808 sanguinis
887 2720 1042 2806 copiam,
1077 2719 1159 2786 dum
1188 2725 1310 2811 adrem,

163 2820 255 2910 prius
272 2819 361 2885 venis
379 2817 682 2907 comprehensum,
705 2819 838 2912 penitus
857 2842 899 2888 ex
919 2819 972 2888 his
991 2822 1146 2912 expellit,
1173 2822 1311 2908 eiusque

166 2921 296 3010 expulsi
313 2922 425 2988 locum
445 2922 607 3012 complet,
632 2923 696 3004 ita,
723 2931 760 2989 ut
781 2941 882 2994 omne
903 2924 970 2993 iam
988 2947 1148 2995 venarum
1164 2924 1310 3014 spatium

166 3023 327 3113 sanguine
345 3024 543 3108 obtineatur,
568 3025 822 3094 dormitantibus
836 3026 956 3094 mirum
972 3027 1007 3094 in
1020 3027 1160 3094 modum
1177 3025 1312 3116 augeri3

167 3126 473 3216 expergiscentibus
499 3149 580 3194 vero
610 3128 731 3194 iterum
760 3129 880 3196 minui:
911 3129 1005 3215 quod
1027 3129 1218 3218 Diogenem
1241 3107 1311 3192 sta'-

166 3229 285 3311 tuisse,
327 3249 371 3294 ne
399 3226 599 3296 levissimum
627 3228 766 3316 quidem
801 3229 980 3318 vestigium
1010 3238 1077 3310 est3
1116 3250 1180 3298 nec
1209 3226 1312 3296 facile

167 3329 304 3400 omnino
325 3335 469 3396 statuere
488 3331 615 3418 potuit,
641 3351 744 3416 quum
763 3317 899 3420 praeter
914 3351 1015 3398 venas
1031 3328 1200 3419 sanguinis
1214 3348 1312 3396 rece-

167 3433 305 3524 ptacula
327 3432 361 3497 in
383 3452 529 3520 corpore
554 3430 852 3520 deprehendantur
872 3431 975 3497 nulla.
1027 3429 1192 3512 Accedit,
1216 3429 1312 3517 quod
1354 3484 1356 3490 .

167 3534 281 3618 iniis,
309 3551 396 3620 quae
424 3542 621 3619 sequuntur,
654 3533 746 3603 clare
775 3533 948 3622 Diogenes
977 3531 1128 3608 docuisse
1160 3532 1313 3615 traditur,

169 3643 312 3704 mortem
327 3655 497 3726 occupare
520 3655 593 3718 eos,
620 3655 764 3722 qnorum
782 3637 909 3702 evenis
928 3635 1035 3702 omnis
1051 3640 1107 3700 aer
1129 3632 1314 3717 excesserit,

170 3747 224 3818 ut,
251 3735 332 3804 dum
350 3738 509 3821 vivimm,
535 3757 669 3826 semper
686 3737 800 3823 aliqua
822 3736 940 3804 saltem
960 3736 1044 3803 neris
1067 3754 1145 3826 pars
1168 3737 1203 3804 in
1224 3733 1314 3801 venis

171 3837 393 3923 relinquatur,
426 3861 560 3908 necesse
583 3839 633 3905 sit.
686 3838 790 3922 Quod
818 3859 921 3926 quum
950 3838 997 3906 ita
1020 3837 1080 3921 sit,
1115 3839 1314 3924 scriptorem

172 3938 292 4012 Placit.
315 3959 387 4006 rem
412 3943 581 4008 nonsatis
604 3949 759 4010 accurate
785 3941 976 4032 exposuisse
1003 3957 1142 4018 censeo,
1177 3935 1315 4021 eiusque

174 4041 268 4107 locus
295 4040 342 4106 ita
371 4041 484 4128 potius
504 4035 771 4131 interpretandus
801 4065 872 4110 esse
897 4040 1045 4121 videtur,
1077 4044 1114 4103 ut
1143 4035 1316 4126 Diogenes
1382 4042 1385 4046 ’

173 4163 293 4210 somno
314 4142 392 4231 capi
415 4142 591 4208 animantia
605 4145 778 4211 arbitratus
795 4144 850 4230 sit,
876 4164 980 4232 quom
994 4137 1145 4228 sanguis,
1162 4137 1219 4210 ἐπὶ
1241 4136 1315 4208 πᾶν

174 4246 187 4311 i
215 4267 243 4312 e.
265 4241 323 4318 ἐπὶ
337 4240 410 4314 πᾶν
430 4236 477 4315 cd
494 4243 616 4333 σῶμα,
642 4266 706 4335 per
722 4267 837 4313 omnes
857 4242 1009 4334 eorporis
1028 4247 1141 4330 partes
1163 4238 1313 4325 diffusus,
