2966 4990
197 427 260 492 ffl
604 419 705 488 (illl.
723 423 850 490 talto
871 423 925 490 'tb-

194 601 350 688 guntur.
402 593 489 664 l‘uto
515 591 692 682 equidem,
717 593 752 660 iu
774 591 852 684 ipso
877 588 1037 684 delapsu,
1061 587 1199 663 i'noitato
1222 593 1337 662 vertas

194 700 318 766 terram
343 704 455 780 motu,
481 717 599 765 eorum
624 696 774 764 oalorem
800 694 889 762 adeo
914 704 1051 764 auotom
1077 718 1165 776 esse,
1191 703 1229 761 nt
1249 694 1340 785 igne
1470 695 1471 706 ³

192 821 332 870 aceensa
358 791 540 867 rideantur.
591 797 697 881 Nam,
712 792 771 865 'nti
796 796 926 866 ‹liotum
943 806 1011 888 est,
1037 807 1135 867 autea
1148 796 1337 887 iguitauon

190 909 282 982 sauir
305 901 340 968 io
364 901 463 970 eoelo
489 901 578 968 euim
602 907 709 968 esseut
734 898 926 990 oonspioua.

293 1035 379 1124 Cap.
406 1033 467 1102 74.
520 1033 675 1104 Vidimus
689 1035 803 1130 igitur,
829 1033 1021 1124 quomodo
1047 1039 1162 1102 mutua
1187 1032 1333 1103 oalirlro-

189 1131 234 1204 ri's
260 1157 336 1206 oum
362 1135 539 1227 frigidiore
574 1159 699 1227 genere
734 1137 969 1206 coniunctione
994 1134 1194 1224 alteriusque
1219 1135 1253 1202 in
1280 1135 1334 1201 al-

188 1248 263 1306 tero
295 1247 424 1307 exserta
456 1239 490 1308 vi
520 1247 609 1307 terra
641 1237 852 1307 conformata
887 1238 941 1324 sit,
976 1237 1111 1306 coelum
1138 1237 1331 1319 adauctum,

187 1329 462 1411 sirleranutritat
500 1342 607 1427 iisque
640 1341 793 1410 omnibns
819 1340 1028 1423 inducimur,
1062 1347 1100 1406 ut
1128 1360 1197 1406 non
1221 1338 1332 1406 solum

187 1440 418 1509 humiliorum
458 1430 639 1532 raporum
662 1453 863 1534 perpetuam
894 1440 1129 1529 quandam‘in
1157 1439 1220 1507 ista
1253 1439 1333 1510 loca

73 1611 76 1616 .
187 1543 435 1612 confluxionem
467 1542 645 1611 obtinuisse
677 1551 875 1625 stratumne,
929 1542 990 1610 sed
1028 1541 1208 1610 calidioris
1230 1541 1330 1609 etiam

187 1646 271 1712 aeris
296 1645 332 1716 in
355 1645 567 1714 inferioribus
592 1644 675 1714 lools
700 1639 933 1729 efficientiam,
958 1653 1049 1713 terra
1066 1640 1167 1712 etiarn
1182 1643 1330 1741 conalita,

190 1747 416 1816 continuatam
442 1771 512 1815 esse
538 1748 780 1832 existimemur,
820 1769 890 1836 quo
922 1746 1028 1814 omnis
1059 1746 1095 1813 in
1127 1765 1240 1814 rerum
1266 1768 1331 1813 na-

186 1859 260 1920 tura
286 1850 374 1917 vitae
400 1850 576 1939 omnisque
601 1849 726 1918 ordin'u
751 1849 945 1919 nteii'ector
970 1858 1003 1917 et
1028 1869 1146 1930 causa,
1171 1847 1217 1914 ita
1243 1869 1330 1915 oon-

186 1960 336 2020 servator
362 1951 532 2019 exsisteret
557 1958 592 2019 et
616 1951 712 2020 altor.
770 1951 811 2018 ln
836 1948 950 2022 calido
984 1949 1071 2018 eninr
1096 1955 1175 2018 uere
1206 1941 1330 2046 νόησις

185 2052 295 2144 posita
322 2060 387 2136 est,
401 2053 506 2127 ,ouius
532 2053 709 2145 praeclara
734 2053 835 2122 virtus
861 2051 961 2120 nullis
995 2060 1052 2119 aut
1083 2053 1238 2120 locorum
1270 2059 1329 2118 aut

184 2163 377 2243 temporum
403 2153 523 2220 finibus
549 2161 733 2226 coercetur.
783 2154 872 2236 Sed,
903 2163 941 2221 ut
964 2153 1086 2221 iterum
1112 2153 1157 2224 ad
1181 2153 1335 2242 primam*

182 2254 277 2325 istoru
304 2277 416 2325 rerum
441 2255 668 2328 conditionem
693 2265 915 2340 revertamur,
947 2278 1051 2343 quom
1077 2264 1166 2323 terra
1190 2250 1329 2322 mollior

182 2355 298 2426 adhuc
319 2365 407 2424 esset
420 2364 453 2423 et
468 2357 671 2440 tractabilis,
696 2357 847 2454 singulae
859 2357 1001 2427 universi
1026 2357 1110 2425 aeris
1128 2354 1230 2426 calidi
1242 2379 1327 2447 par-

182 2467 230 2526 tes
255 2457 290 2526 in
315 2457 447 2550 singula
467 2467 598 2527 terrena
623 2458 727 2526 frusta
751 2482 822 2527 sese
847 2459 1234 2549 insinuassepenitusque
1260 2453 1326 2525 ab·

181 2559 306 2628 didisse
330 2559 494 2631 videntur.
520 2561 679 2650 ·Quihus
703 2561 840 2629 terrenis
864 2561 1016 2650 partibus
1040 2583 1143 2649 quum
1168 2559 1247 2627 inde
1271 2559 1336 2626 vi-'

181 2661 255 2730 talis
280 2663 329 2728 vis
354 2661 535 2732 accederet
558 2672 592 2729 et
616 2670 744 2745 motus,
769 2685 838 2750 quo
865 2663 910 2730 ab
935 2662 1070 2750 reliquis
1097 2662 1325 2731 avellebantur

181 2763 227 2831 ad
253 2773 447 2852 certamque
478 2763 655 2854 paullatim
681 2765 827 2855 liguram
859 2764 1091 2856 fingebanturt
1123 2763 1325 2856 prodierunt

180 2864 374 2951 hominurn,
400 2865 609 2949 animalium,
637 2865 825 2956 plantarum
851 2888 999 2956 genera,
1032 2865 1130 2942 rudia
1159 2864 1219 2934 illa
1244 2866 1324 2953 qui-

180 2964 261 3034 rlem
287 2966 332 3030 ob
356 2964 468 3049 initio,
507 2986 572 3035 neo
601 2967 775 3051 absoluta,
818 2989 887 3055 qua
920 2989 1009 3037 nuuc
1033 2967 1200 3060 gaudent,
1237 2989 1324 3057 per-

178 3065 327 3136 fectione
360 3075 494 3152 oruata,
538 3066 598 3134 sed
633 3066 678 3135 ad
716 3067 878 3160 maiorem
910 3092 1045 3159 semper
1077 3069 1324 3162 perfectionem

178 3166 372 3236 erudienda
423 3168 628 3257 Ubicunque
654 3168 741 3238 onim
767 3170 898 3240 oalidus
922 3177 980 3237 aer
997 3193 1075 3240 oum
1101 3169 1229 3261 frigido
1247 3194 1319 3240 sese

177 3269 369 3362 coniungit,
396 3271 500 3342 oritur
526 3271 668 3358 anlmal,
704 3295 745 3340 ex
770 3293 917 3363 corpore
942 3283 1097 3356 constans
1119 3282 1221 3361 atque
1249 3273 1320 3340 ani-

175 3395 242 3441 ma.
294 3373 401 3462 Quod
434 3397 456 3442 a
488 3373 645 3466 Diogene
675 3373 721 3440 ita
747 3374 935 3465 expositum
962 3398 1162 3464 essequam
1195 3396 1258 3464 per
1282 3397 1335 3444 se.

173 3475 509 3566 reigoonsentaneurn
534 3476 593 3561 sit,
633 3474 800 3546 accedunt
830 3476 974 3545 aliorum
1006 3477 1225 3568 physicorum
1251 3473 1316 3540 de-

173 3583 285 3660 creta,
322 3567 380 3665 q'ui
410 3577 457 3645 ad
487 3576 613 3648 similes
635 3600 749 3646 orosae
774 3577 989 3646 animantium
1018 3579 1165 3671 origines
1187 3575 1316 3644 refere-

173 3675 267 3757 bant,
293 3677 425 3744 ocoedit
451 3679 580 3747 clarum
605 3679 828 3748 Plocitomm
853 3679 921 3766 (ll,
936 3678 971 3747 8.
998 3705 1033 3772 p.
1043 3680 1136 3770 398)
1163 3680 1316 3746 testimo-

172 3777 281 3862 nium,
327 3797 397 3864 quo
439 3801 459 3846 e
495 3780 659 3872 Diogenis
697 3789 809 3849 mente
844 3778 1020 3855 animantia
1055 3787 1100 3855 ἐκ
1129 3781 1210 3876 τῆς
1240 3779 1317 3872 γῆς

174 3883 424 3974 ἐξαγαγεῖν
457 3880 566 3970 (apud
594 3881 787 3952 stobaeum
815 3881 848 3967 l,
881 3879 941 3951 16.
968 3907 1003 3974 p.
1031 3881 1108 3951 358
1132 3882 1167 3948 in
1193 3881 1317 3948 eodem

172 3980 252 4051 loeo
279 3977 474 4075 ἀναγαγεῖν
480 4035 494 4071 ,
528 3983 621 4072 apud
652 3974 832 4055 Galenom'
855 3985 926 4070 Xl,
956 3985 987 4055 8*
1007 3985 1213 4083 συμφῦναι,
1237 4004 1317 4050 sen-

169 4083 272 4156 tentia
296 4105 366 4154 uon
392 4084 535 4156 multum
561 4083 711 4177 diversa)
744 4087 907 4160 (licuntur.

272 4215 358 4310 Cap.
385 4201 465 4290 ³55.¹
496 4221 593 4293 Talis
624 4222 727 4316 igitur
752 4229 824 4292 erat
851 4222 961 4312 prima
986 4219 1204 4289 animantium
1230 4239 1315 4308 pro-

172 4316 312 4399 meatim
337 4321 483 4410 posthae
509 4323 583 4416 ipsa
610 4347 651 4395 ex
676 4347 746 4396 sese
770 4348 878 4417 genos
893 4325 1152 4418 propagabant,
1178 4322 1238 4388 sed
1254 4320 1314 4388 iis-
