2966 4990
217 493 285 554 *lan
664 484 766 548 crta.
792 489 844 550 99.
869 486 921 551 81.

221 683 255 751 p
284 655 371 726 594.
417 655 653 783 Arnprnpc
633 681 816 746 ιμιιιωσιν
836 650 867 745 ¹)
900 651 1012 778 capric
1045 659 1094 738 εἰς
1118 658 1274 783 νιίμιιςν
1251 656 1359 758 νγρόι

220 753 390 880 donnana
412 759 500 848 μὲν
511 759 557 853 νῆ
584 760 704 848 σβέσιν
733 785 887 844 ποιουν,
922 761 969 854 τῇ
995 760 1033 832 δι’
1062 757 1267 856 λαμπηδόνι
1295 793 1359 860 την

220 889 422 956 aoapaapn
474 860 723 932 Σιναιτιιῖιιιι
751 862 788 933 δὲ
812 861 871 932 καὶ
891 855 937 933 nd
957 863 1111 952 πνεῦμα.
1166 865 1259 934 Huic
1284 869 1359 934 luco

219 967 338 1057 paullo
364 961 548 1032 obscuriori
568 963 687 1032 lucem
713 965 856 1052 praebet
882 962 1021 1034 Seneca
1046 965 1113 1049 Qu.
1139 977 1206 1036 nat
1232 969 1276 1055 ll,
1302 967 1358 1046 29

217 1069 413 1160 „Diogenes
437 1065 674 1154 Apolloniates
700 1067 763 1148 ait,
789 1066 957 1154 quaedam
981 1068 1150 1136 tonitrua
1141 1092 1232 1159 igne,
1257 1095 1359 1160 quae-

219 1173 299 1240 dam
326 1170 441 1260 spiritu
467 1168 550 1238 lieri.
602 1169 779 1260 lllaeignis
803 1170 900 1254 facit,
926 1193 1014 1258 quae
1037 1171 1112 1261 ipse
1138 1175 1304 1242 antecedit
1328 1185 1360 1242 et
1442 1168 1443 1203 r

210 1276 371 1344 nunciate
409 1271 469 1340 ilia
503 1271 654 1360 spiritus,
697 1295 786 1360 quae
812 1273 881 1342 sine
911 1273 1099 1363 splendore.
1125 1285 1360 1366 crepuerunt.“

220 1377 299 1444 Duo
330 1376 435 1465 igitur
468 1373 649 1444 tonitruum
683 1398 823 1466 ganeru—
840 1377 953 1444 statuit
987 1377 1178 1466 Diogenen,
1218 1379 1359 1446 alteram

221 1501 299 1549 cum
334 1478 471 1566 fulgure
504 1477 736 1561 coniunctum,
776 1477 919 1546 alterum
952 1479 1021 1546 sine
1054 1479 1199 1570 fulgure.
1266 1481 1358 1548 lilius
1443 1491 1444 1578 l

221 1582 359 1670 quidem
385 1601 485 1646 causa
510 1581 598 1669 ignis
623 1591 688 1662 est,
714 1579 1000 1663 trutinatoris,
1027 1581 1220 1672 desuperin
1244 1584 1360 1671 nubes,
1443 1581 1444 1652 j

222 1695 339 1753 natura
369 1705 428 1749 sua
460 1681 634 1765 humidae,
669 1683 819 1752 incidens
862 1692 895 1750 et
931 1684 1145 1754 exstinctione
1178 1685 1361 1776 fragorem,
1443 1695 1444 1760 ἶ

222 1785 405 1878 splendore
417 1795 529 1854 autem
554 1785 671 1876 fulgur
695 1786 852 1855 allidens,
903 1785 1027 1856 Similis
1047 1797 1097 1855 est
1112 1787 1363 1880 Anaxagorae

218 1889 321 1958 huius
345 1889 393 1956 rei
420 1889 599 1979 explicatio
633 1911 668 1976 p.
695 1887 768 1956 Ul
797 1888 851 1958 ed.
880 1887 1037 1962 Schaab.
1094 1892 1249 1958 Alterum
1272 1893 1362 1960 toni·-

221 2003 332 2061 truum
359 2014 485 2080 genus,
512 2014 590 2060 cum
618 1990 757 2082 fulgure
777 2013 845 2059 non
872 1994 1103 2081 coniunctum,
1137 1993 1261 2061 eodem
1287 2017 1363 2061 mo·

157 2137 159 2144 ·
221 2094 269 2162 do
297 2093 375 2160 oriri
404 2093 553 2162 statuisse
585 2094 732 2178 videtur,
771 2103 1009 2185 praeterquam
1038 2095 1133 2184 qnod
1154 2117 1221 2164 non
1246 2096 1364 2188 ignem
1443 2095 1444 2114 ¹

221 2211 338 2264 norrun
363 2217 497 2262 causam
520 2204 698 2286 argueret,
732 2195 791 2263 sed
810 2205 922 2266 aerem
948 2221 1074 2290 magno
1099 2198 1228 2289 impetu
1248 2201 1284 2266 in
1297 2223 1363 2268 nu·
1443 2233 1444 2248 ι

220 2301 280 2367 bes
296 2300 486 2367 irruentem.
538 2298 579 2374 iri
603 2299 690 2364 eninr
707 2309 849 2389 apparet
867 2324 907 2368 ex
922 2301 977 2386 iis,
1003 2325 1091 2390 quae
1115 2300 1258 2370 Seneca
1277 2303 1301 2368 l.
1318 2326 1363 2388 a,

221 2403 280 2471 ubi
305 2400 468 2491 Diogenis
492 2401 686 2468 sententiam
717 2402 913 2492 impugnat,
951 2405 1100 2494 protea:
1132 2407 1231 2494 „quis
1263 2405 1363 2492 enim,

219 2506 343 2594 inquit,
368 2503 526 2594 negabit,
549 2504 713 2594 spiritam
725 2527 861 2596 magau
876 2507 1007 2597 impeta
1025 2507 1155 2592 latrnn,
1181 2531 1286 2596 quum
1308 2509 1364 2576 ef-

220 2609 291 2677 licit
315 2629 451 2690 sonum,
478 2605 677 2676 effecturum
703 2616 737 2676 ct
761 2607 930 2699 ignem?“

274 2758 282 2772 ’
322 2741 408 2831 Cap.
435 2741 496 2812 81.
546 2741 684 2827 Cetera,
717 2767 804 2831 quae
830 2751 966 2836 praeter
992 2743 1081 2814 hanc
1105 2744 1294 2838 Diogenem
1316 2747 1365 2814 de

217 2845 273 2912 lris
293 2840 391 2912 rebus
413 2846 604 2934 exposuisse
632 2847 805 2931 coniicias,
833 2849 1006 2936 perierunt
1029 2849 1149 2915 omnia.
1203 2853 1364 2916 Attamen

212 2948 273 3018 ,vet
297 2969 338 3013 ex
368 2950 482 3036 paucis
506 2947 669 3037 reliquiis,
706 2971 790 3038 quas
818 2949 1001 3035 habemus,
1042 2951 1157 3038 quanti
1184 2951 1217 3018 in
1247 2973 1363 3020 rerum

220 3050 325 3118 causis
356 3058 389 3116 et
409 3050 593 3142 originibus
617 3052 822 3144 explicandis
850 3054 971 3122 fecerit
990 3055 1231 3123 contrariorum
1252 3078 1364 3144 gene-

219 3175 293 3221 rum
317 3152 421 3222 modo
444 3152 512 3224 huc
537 3155 641 3222 modo
663 3156 743 3252 illue
766 3157 924 3224 translata
946 3168 1134 3240 momenta,
1160 3158 1206 3224 ita
1231 3160 1363 3226 clarum

220 3267 285 3338 est,
316 3257 459 3324 utnulla
475 3257 713 3345 dubitationi,
741 3259 839 3350 quin,
866 3259 1028 3348 quicquid
1045 3260 1090 3327 de
1112 3282 1224 3329 rerunt
1248 3270 1363 3329 muta·-

216 3359 362 3428 ticnibus
385 3359 727 3450 vicissitudinibusque
750 3362 931 3431 dicendum
955 3361 1129 3444 habuerit,
1155 3363 1200 3432 ad
1217 3363 1364 3432 eandem

218 3461 306 3532 lianc
323 3484 456 3532 causam
470 3461 628 3532 retulerit.
679 3465 783 3550 Quod
807 3488 910 3554 quum
930 3464 976 3532 ita
996 3468 1054 3548 sit,
1080 3466 1175 3534 lraud
1197 3489 1362 3556 spernen-

217 3565 279 3631 dus
297 3588 368 3632 esse
383 3565 514 3634 videtur
539 3565 731 3653 Stabanm,
757 3569 814 3662 qui
836 3567 1005 3636 mundum
1027 3568 1220 3690 aliqunpdn
1236 3569 1363 3635 interi-

199 3675 334 3741 ¹turum
355 3691 429 3736 cese
452 3692 493 3738 ex
513 3672 678 3763 Diogenis
700 3672 875 3757 sententia,
900 3670 1037 3758 idque'
1021 3665 1234 3766 annuariam,
1262 3671 1365 3738 altir-

216 3779 294 3838 mat.
305 3765 340 3860 2)
368 3771 481 3855 Quem
498 3774 697 3842 admodum
716 3774 803 3839 enim
822 3775 864 3839 ab
886 3773 979 3839 initio
1003 3733 1120 3864 frigidi
1141 3773 1364 3862 eiusdemque

213 3874 347 3945 humidi
365 3875 449 3942 aeris
466 3877 574 3943 maior
591 3901 631 3947 ac
649 3875 845 3968 praevalens
866 3877 967 3996 copia
984 3876 1085 3944 fuisse
1108 3875 1257 3944 videtur:
1284 3878 1364 3965 quis

215 3987 283 4067 est,
310 3978 368 4068 qui
388 3979 521 4048 evenire
536 4001 635 4070 posse
650 3987 771 4070 neget,
797 3988 834 4046 ut
852 3981 928 4070 pari
946 3979 1051 4048 modo
1073 3979 1256 4070 aliquando
1277 4002 1364 4050 cou-

222 4171 429 4182 ---...---..-.‚

283 4277 313 4344 1)
332 4279 419 4348 luigo
437 4276 660 4348 ἐμπύροισιν,
679 4281 774 4350 quod
765 4298 819 4336 ram
841 4279 968 4334 canterus
985 4279 1106 4334 correxit.

283 4377 353 4442 2)l‚
370 4381 414 4434 ΙΙ.
432 4399 456 4464 p.
465 4383 525 4436 tta.
543 4379 769 4474 Ἀναξίμανδρος,
786 4380 970 4470 Ἀναξιμένης,
979 4378 1186 4469 Ἀναξαγόραι,
1203 4377 1365 4450 Ἀρχέλαος,

224 4448 366 4516 millae,
386 4449 544 4514 Λεύκιππος
562 4452 695 4522 φθαρτόν
718 4455 769 4511 trin
786 4451 908 4521 κόσμον,
927 4471 979 4506 και
979 4446 1159 4522 i'rraripaarv
1175 4451 1216 4516 δι’.
