2942 4996
205 435 250 556 ιι
656 443 660 450 “
696 431 796 502 DAP.
810 427 870 504 ιι.
885 427 896 460 ’·

169 619 174 632 ·
308 605 518 702 cuprius·
535 605 668 694 Quibus
692 607 741 676 ita
766 606 925 699 expositis
943 625 1086 699 quomo
1105 613 1256 680 veterum
1276 607 1356 700 qui-

205 711 286 783 dem
314 711 359 780 de
384 711 541 805 Diogene
568 710 762 780 testimoniis
783 721 899 781 utrum
924 711 1033 780 maior
1056 711 1115 781 ille
1140 721 1251 782 neure
1276 713 1357 784 iue-
1444 713 1454 803 ,Ϊ

203 817 247 884 rit
270 815 474 905 Anaxagora
501 835 543 882 an
568 814 695 899 minor,
730 833 800 882 non
824 823 894 882 turn
920 815 1013 883 clare
1038 815 1131 884 ellici
1156 816 1277 906 possit,
1315 824 1354 885 ut

73 939 79 950 ¹
203 911 311 988 omnis
341 917 506 986 dubitatio
541 917 672 984 sublata
697 915 757 984 sit:
800 939 994 1006 quanquam
1027 917 1232 986 Antisthenis
1264 919 1352 988 ratio

202 1020 374 1110 aliquanto
408 1021 487 1111 plus
512 1019 760 1111 probabilitatis
784 1018 914 1088 habere
946 1018 1146 1089 videbatur:
1176 1020 1351 1108 reliquum

202 1133 267 1209 eet,
310 1131 348 1190 ut
379 1124 414 1190 in
447 1124 618 1212 utriusque
649 1091 905 1213 philosophiam
937 1123 1123 1192 accuratius
1154 1124 1351 1212 inquiratur,

200 1234 240 1293 ιιι
265 1233 449 1315 appareat,
490 1247 533 1293 an
564 1227 599 1293 in
632 1225 791 1292 alterutra
816 1226 1004 1315 reperiatur
1029 1223 1174 1314 aliquid,
1201 1245 1270 1314 quo
1296 1225 1351 1292 al
1453 1263 1454 1290 ι

200 1335 273 1395 tera
296 1327 441 1395 illam
417 1349 486 1395 srve
511 1327 661 1418 priorem
687 1327 757 1394 sive
778 1329 1001 1416 posteriorem
1021 1326 1150 1395 habere
1174 1347 1350 1418 cogamur

200 1429 345 1498 Talibus
381 1436 494 1500 autem
526 1429 670 1499 maxime
685 1417 924 1520 Argumentis,
965 1450 1053 1516 quae
1079 1451 1120 1494 ex
1153 1439 1351 1520 comparata

200 1532 371 1621 utriusque
396 1532 482 1600 inter
513 1555 551 1600 se
580 1530 735 1600 doctrina
758 1532 865 1621 petitu
891 1537 981 1612 s,unt
1014 1529 1350 1599 Schleiermaeherus
1453 1527 1454 1530 ’

200 1634 349 1728 Diogeni
382 1635 497 1704 locum
532 1642 609 1702 ante
644 1634 884 1724 Anaxagoram
919 1630 1090 1702 vindicare
1124 1641 1263 1702 conatus
1289 1641 1351 1716 est,

201 1737 306 1826 idrlue
333 1761 458 1827 magna
492 1761 570 1807 eum
596 1735 844 1828 probabilitatis
869 1735 993 1824 specie.
1044 1735 1131 1803 Nam
1156 1733 1251 1826 qnod
1277 1734 1351 1824 pri·

200 1858 259 1906 mo
285 1840 329 1907 ad
356 1841 549 1930 Diogenem
581 1839 713 1921 attinet,
751 1838 863 1906 multis
887 1837 1076 1907 rationibus
1101 1859 1179 1906 eum
1210 1840 1350 1907 Anaxa·

199 1959 322 2029 goram
347 1939 440 2004 haud
468 1941 641 2028 cognitum
667 1940 824 2005 habuisse
847 1941 990 2028 probat,
1031 1939 1124 2025 quod
1157 1949 1268 2006 tamen
1294 1938 1350 2006 rix

199 2038 355 2108 accidere
384 2038 564 2128 potuisset,
598 2037 720 2104 situm
747 2037 884 2104 demum
911 2038 1043 2121 fuisset,
1078 2060 1182 2125 quum
1208 2041 1348 2105 Anaxa·

170 2163 301 2234 goras
326 2141 392 2206 iam
419 2140 594 2207 floruisset.
645 2137 778 2206 Deinde
804 2146 931 2220 autem,
969 2137 1062 2225 quod
1090 2161 1257 2213 summum
1285 2148 1346 2222 est,

197 2263 302 2333 quum
328 2243 548 2332 Anaxagoras
573 2250 720 2309 mentem
746 2262 767 2307 a
798 2239 914 2328 quavis
940 2262 1107 2329 corporea
1132 2243 1347 2310 concretione

196 2353 386 2435 separatam
412 2351 582 2427 statueret,
607 2343 780 2433 Diogenes
797 2363 878 2410 vero
900 2343 968 2411 alini
993 2342 1174 2411 iniunctam
1194 2354 1229 2412 et
1251 2343 1347 2433 quasi

195 2447 343 2516 innatam
370 2456 536 2528 censeret3
569 2445 605 2512 id
640 2444 779 2534 quidem
805 2446 865 2534 qui
890 2445 1023 2514 evenire
1049 2447 1210 2540 potuisset
1243 2447 1346 2514 intel·
1452 2501 1453 2512 ,

196 2549 258 2641 ligi
282 2571 350 2650 non
383 2570 483 2640 posse
515 2549 712 2631 arbitratur,
750 2546 813 2615 uisi
846 2549 938 2637 prius
969 2546 1133 2638 Diogenis
1169 2549 1227 2616 illa
1258 2550 1344 2616 ratio

196 2651 391 2738 exstitisset,
434 2652 725 2742 Anaxagoraeque
765 2649 809 2716 ad
848 2671 941 2717 suam
973 2650 1206 2718 inveniendam
1248 2652 1345 2740 quasi

194 2756 284 2823 viam
310 2755 574 2847 praemuniisset.
608 2752 677 2821 Sed
704 2751 879 2819 audiamus
904 2752 1085 2844 ipsumip.
1112 2752 1344 2844 93):1uder

194 2855 357 2924 fritheren
381 2855 493 2922 Reihe
519 2855 581 2922 der
605 2852 790 2923 donischen
816 2854 1052 2946 Philosopheu
1076 2855 1110 2922 T
1111 2856 1222 2938 hales,
1248 2857 1344 2923 Ana·

194 2955 405 3038 ximandros,
446 2956 687 3038 Anaximenes,
727 2954 824 3022 hatte
857 2955 920 3025 der
945 2958 1043 3024 Geist
1066 2958 1141 3026 sich
1166 2959 1268 3026 selbst
1292 2957 1345 3030 als
1451 3021 1452 3040 ,

196 3057 418 3151 Gegenstand
441 3051 503 3126 der
523 3058 744 3149 Speculatiori
765 3055 857 3125 noch
878 3080 943 3149 gar
956 3057 1051 3126 nicht
1064 3059 1257 3148 gesunden,
1284 3060 1343 3126 die
1451 3041 1452 3060 ι

194 3161 392 3252 Erklilruug
413 3160 474 3230 des
500 3149 763 3230 intellectuellen
788 3159 907 3228 wurde
931 3159 1226 3250 vernaohliissigt,
1255 3161 1348 3228 oder-

194 3287 285 3357 gauz
309 3263 480 3354 mythiseh
501 3263 697 3334 behandelt.
749 3261 831 3330 Was
852 3261 895 3330 ist
915 3285 984 3330 nun
1006 3260 1348 3351 arahecheinticher,

194 3367 272 3437 dass
293 3367 356 3436 der
379 3367 477 3437 Geist
500 3366 574 3436 sich
596 3372 706 3434 zuerst
721 3365 804 3434 land
822 3365 856 3433 in
869 3363 969 3456 jener
985 3376 1142 3457 strengen
1158 3361 1342 3434 Form'des

194 3469 443 3560 Gegensatzes,
469 3471 537 3538 den
560 3471 780 3560 Anaxagoras
800 3469 969 3558 aufsteilt‚
995 3469 1079 3538 oder
1102 3471 1136 3536 iu
1150 3469 1252 3560 jener
1274 3489 1342 3536 un-

192 3571 470 3659 tergeordneten‚
497 3572 560 3638 der
583 3569 847 3637 ersoheineuden
867 3569 1006 3636 Einheit
1025 3571 1085 3636 mit
1099 3569 1161 3637 der
1183 3571 1344 3656 Materie,

192 3670 259 3737 wie
274 3669 335 3736 wir
347 3671 403 3738 bei
417 3671 590 3760 Diogenes
603 3670 743 3736 linden?
755 3671 801 3736 ist
814 3668 908 3738 nicht
921 3691 987 3737 ιοιι
1000 3671 1172 3760 Diogenes
1184 3693 1228 3740 zu
1243 3672 1340 3739 Ana-

191 3793 337 3864 xagoras
360 3772 415 3839 eiu
437 3770 655 3860 Fortschritt‚
682 3770 887 3862 umgelrehrt
902 3771 956 3838 ein
975 3772 1218 3841 Rrickschritt?
1248 3771 1340 3840 Τιἰιι

191 3897 252 3943 ans
266 3865 360 3942 nicht
382 3875 620 3966 Anaxagoras,
646 3894 745 3940 wenn
765 3874 828 3940 wir
847 3872 908 3943 ihu
922 3874 1139 3941 unmittelbar
1152 3897 1195 3941 an
1208 3875 1342 3945 Anaxi-

190 3999 305 4054 menes
327 3975 496 4066 knipien,
529 3997 618 4068 ganz
641 3973 885 4060 unhistoriseh,
918 3975 982 4043 wie
1002 3975 1056 4045 ein
1078 3976 1166 4046 desae
1187 3999 1233 4046 en·
1254 3993 1342 4044 mo*

192 4079 298 4148 cirino
323 4087 509 4170 entgegen‚
543 4078 594 4146 ais
621 4076 714 4144 habe
737 4077 864 4145 erden
886 4077 998 4160 Geist,
1034 4077 1103 4145 und
1128 4079 1220 4149 noch
1246 4077 1340 4145 duzu

191 4201 279 4270 gouz
295 4181 404 4272 lertig
416 4179 488 4248 und
508 4181 581 4248 rein
599 4177 805 4271 gewaschen
827 4200 893 4247 von
908 4178 994 4246 aller
1012 4178 1173 4266 Materie,
1198 4176 1340 4270 gleichf

191 4302 262 4347 sam
283 4283 448 4354 erlunden
461 4281 554 4350 99-
592 4281 632 4349 ιιι
654 4279 708 4348 his
732 4280 1088 4372 Schleiermaeherus,
1123 4293 1161 4351 ut
1180 4277 1333 4348 nonnulli

155 4449 160 4457 .
191 4381 295 4452 etiarn
308 4392 458 4474 veteres,
482 4386 723 4478 Anaxagoram
742 4385 899 4456 contiuuo
924 4383 1122 4454 Anaximeui
1141 4379 1335 4454 successisse
