2966 4990
1189 447 1253 512 nt

106 604 201 678 smne
224 635 269 680 το
283 605 429 702 πρῶτον
451 601 562 701 dypdu
582 603 730 680 ἅπαντα
749 631 819 681 τον
838 633 921 736 nepa
947 601 1015 704 τήν
1035 607 1102 704 γῆν
1121 603 1251 698 τόπον,

26 723 29 728 ’
106 702 181 780 rinei
205 709 244 781 δὲ
264 734 333 780 τοο
320 707 453 827 ηλίοο
479 701 742 835 enpnero'neuor
760 702 807 780 ed
828 709 897 801 μὲν
919 711 1116 801 δοατμίσαν
1136 705 1251 786 curai-

105 836 209 900 ματα
230 808 291 880 καὶ
315 803 455 902 τροφοῖς
479 808 581 905 ἡλίου
607 809 668 881 καὶ
687 803 853 930 σελήνης
864 809 954 901 φασὶ
982 815 1119 882 ποιοῖο·
1145 839 1190 885 το
1182 805 1252 886 dd

105 903 526 1004 innocentianae
492 930 607 982 etrus·
636 902 697 982 διο
709 937 769 980 nur
789 902 935 982 ἐλάττω
949 909 1118 1003 riccerico
1132 922 1252 1033 ippor-
1472 894 1474 1028 l

106 1013 263 1106 οομέοηο
289 1012 432 1082 οἴονται
466 1009 526 1098 uui
553 1011 655 1090 τέλος
679 1008 832 1084 ἔσεσθαί
859 1036 951 1084 ποτε
980 1012 1102 1084 πᾶσαν
1123 1007 1252 1109 εηροῖτε

108 1112 253 1180 Alexan
261 1113 322 1178 ler
342 1091 650 1202 Aphrodisimrsis,
674 1113 904 1202 gravissimum
926 1122 1097 1184 auctorem
1119 1123 1253 1184 secutus

109 1213 412 1304 Theophrastum,
444 1213 489 1280 ad
512 1213 799 1280 Anaximandrum
827 1213 971 1282 maxime
998 1226 1031 1281 et
1058 1215 1252 1306 Diogenem

104 1314 195 1384 haec
217 1315 331 1381 omnia
351 1314 520 1403 pertinere
542 1314 731 1402 profitetur.
782 1314 855 1382 Sed
876 1315 949 1405 ipsa
971 1315 1041 1384 cius
1060 1318 1166 1386 verba
1187 1339 1253 1406 ap-

106 1436 234 1505 ponam
246 1414 319 1503 (ed.
337 1414 395 1484 lat.
410 1415 530 1482 Venet.
546 1413 685 1482 MDXL
700 1436 756 1505 ap.
776 1414 918 1482 Hieron.
938 1415 1091 1486 Scotum.
1142 1416 1253 1484 luter·

105 1525 194 1607 pret.
214 1516 313 1584 Alex.
338 1516 602 1585 Piccolomioeo.
628 1537 664 1605 p.
685 1512 745 1580 li.
761 1516 814 1603 aJ:
839 1514 997 1600 „Horum
1012 1515 1150 1604 quidem
1164 1517 1254 1584 cuim

107 1615 355 1702 aliireliquium
372 1617 502 1705 primae
513 1614 722 1684 humiditatis
740 1623 888 1684 asserunt
909 1638 981 1683 esse
998 1639 1101 1687 mare.
1136 1617 1254 1701 Quum

108 1719 199 1785 cuim
223 1716 383 1784 humidus
409 1717 526 1786 existat
549 1715 641 1806 prius
664 1715 762 1785 locus
781 1716 905 1799 omnis,
931 1717 989 1805 qui
1014 1718 1104 1786 circa
1127 1707 1297 1787 terram*

105 1827 175 1902 est,
202 1818 296 1906 q'uod
322 1817 434 1907 primo
472 1839 514 1886 ex
537 1816 682 1885 humido
712 1817 787 1909 ipso
818 1842 840 1886 a
871 1817 944 1886 sole
977 1818 1128 1886 elevatur
1152 1828 1255 1908 atque

25 1993 27 1998 ,
109 1928 290 2009 evaporat,
313 1919 438 1988 ex‘hoc
455 1920 570 2006 utiquc
591 1919 677 1986 liunt
693 1919 861 2009 spiritus.“
887 1918 1011 1987 Subdit
1028 1929 1140 1987 autem
1165 1928 1254 2007 ,‚„et

107 2023 276 2090 versiones
301 2021 381 2088 solis
407 2030 446 2088 et
465 2021 624 2089 lunae““
640 2016 691 2110 1),
718 2042 822 2108 quum
840 2030 984 2110 propter
1000 2043 1145 2112 vapores
1161 2022 1253 2112 ipsos

106 2132 211 2212 utque
232 2122 478 2211 exhalationes,
505 2145 545 2192 ac
563 2121 663 2190 etiam
686 2132 829 2211 propter
851 2122 930 2189 solis
946 2131 981 2191 et
999 2123 1099 2192 lunae
1123 2124 1252 2194 versio-

108 2247 184 2311 nes,
209 2225 365 2312 aquibus
381 2233 550 2308 causatur,
566 2223 667 2290 huius
683 2223 777 2290 modi
791 2223 863 2294 illic
876 2224 1107 2313 suppeditatio
1121 2224 1171 2311 fit,
1192 2224 1252 2292 ubi

109 2334 291 2395 vertuntur.
352 2325 525 2413 Quicquid
550 2346 632 2392 vero
663 2325 699 2391 in
723 2325 878 2394 concavis
901 2326 985 2395 locis
1011 2325 1055 2392 de
1080 2327 1156 2412 ipso
1180 2323 1252 2392 hu-

108 2427 203 2496 mido
227 2426 382 2498 relictum
407 2434 602 2517 permanet,
627 2425 713 2491 illud
734 2425 850 2510 utique
867 2431 1007 2490 vocatur
1027 2445 1130 2492 mare.
1174 2424 1253 2506 Qua

109 2538 251 2620 propter
275 2551 379 2616 quum
405 2535 549 2616 propter
570 2525 681 2611 ipsum
707 2523 815 2590 solem
840 2521 988 2610 undiquc
1013 2532 1193 2607 exarescat,
1219 2533 1254 2593 et

108 2632 217 2698 minus
248 2630 323 2694 lieri
356 2627 472 2694 dicunt
503 2645 638 2712 semper
670 2631 705 2690 et
735 2621 873 2689 tandem
905 2623 1087 2710 aliquando
1120 2626 1255 2714 penitus

110 2731 234 2799 siccum
260 2728 345 2794 fore.
396 2726 514 2794 Huius
529 2731 649 2792 aulem
674 2724 844 2813 opinionis
858 2721 1030 2813 suerunt,
1053 2725 1254 2813 (utnnrrct
1358 2757 1361 2764 ·

113 2829 422 2921 Theophrastns‚)
455 2825 733 2895 Anaximander·
767 2831 802 2891 et
832 2823 1053 2914 Diogenee.“
1124 2825 1254 2894 Verum

109 2955 154 3000 ne
179 2931 253 3019 quis
266 2938 448 2996 extremam
462 2936 591 2994 mutum
614 2925 719 2994 modo
744 2925 844 2994 huius
861 2925 931 2994 loci
956 2926 1162 3013 sententiam,
1177 2950 1252 2995 mn-

109 3055 148 3102 re
174 3029 358 3119 aliquando
383 3030 516 3119 penitus
541 3027 740 3110 exsiccatum
765 3027 823 3111 iri,
858 3026 903 3094 nd
928 3026 1119 3119 Diogenem
1144 3032 1254 3118 perti·

111 3154 191 3202 nere
216 3131 389 3221 opinetur,
416 3131 519 3199 alium
544 3128 728 3198 Alexandri
752 3128 867 3198 locum
890 3127 1063 3212 adiiciam,
1089 3130 1148 3196 ubi
1172 3119 1255 3196 reliss

1335 2888 1346 2926 Ι

113 3257 182 3323 qna
207 3235 308 3301 etiam
333 3231 428 3299 lraud
454 3233 598 3301 obscure
622 3229 735 3316 tribuit
758 3228 907 3317 Diogeni
933 3229 983 3316 (p.
1006 3227 1253 3318 lu.a)=v,‚1n-

112 3357 214 3427 super
237 3333 332 3402 idem
357 3331 482 3402 accidit
505 3330 758 3411 inconveniens,
782 3337 855 3394 tum
880 3326 956 3413 his,
981 3329 1041 3414 qui
1065 3327 1192 3412 dicunt,
1217 3329 1262 3396 id‘

112 3436 207 3526 quod
233 3458 255 3502 a
280 3432 353 3502 sole
379 3453 421 3500 ex
446 3453 536 3521 aqua
561 3430 730 3512 educitur,
757 3428 827 3495 eius
852 3428 1047 3494 alimentum
1069 3429 1153 3512 ficri,
1179 3435 1254 3498 tum

113 3539 221 3608 etium
247 3543 281 3604 et
316 3532 529 3616 dicentibus,
567 3532 689 3623 primo
721 3527 872 3596 liumidn
905 3535 1052 3596 exeunte
1083 3535 1184 3596 terra
1208 3552 1255 3600 oc

89 3623 184 3708 'toto
208 3636 358 3719 mundo,
385 3635 446 3726 qui
470 3635 568 3702 circu
593 3634 708 3724 ipsum
734 3637 806 3698 ests
830 3627 1046 3720 calefactum
1070 3629 1256 3700 humidum

114 3737 162 3808 nb
188 3738 265 3828 ipso
289 3737 382 3819 sole,
417 3736 512 3804 atris
537 3733 771 3802 constantium
792 3729 940 3822 jecisse:
984 3731 1066 3819 quin
1087 3731 1195 3800 etiam
1221 3741 1256 3802 et

114 3845 224 3909 totum
249 3837 383 3905 coelum
404 3843 556 3927 propter·
569 3833 720 3925 suctum
744 3831 882 3900 humidi
912 3831 1206 3923 segregationem
1230 3855 1256 3901 o

114 3941 189 4052 cole
220 3942 492 4028 unguendum
525 3955 617 4023 csse,
666 3941 701 4001 et
735 3932 803 4002 lroc
846 3932 1020 4024 (iutelligit
1049 3943 1162 4001 autem
1192 3953 1257 4024 per

166 4205 198 4274 1)
207 4135 332 4289 sepium
338 4197 485 4252 diomeden·
500 4195 667 4277 pessimum}
657 4144 838 4250 indrictotelis
853 4194 914 4250 loco
928 4207 1008 4264 supro
1019 4135 1124 4261 odocrip
1124 4197 1152 4246 to
1168 4194 1255 4250 lectio·

117 4291 178 4330 m
193 4267 301 4343 τροπὰς
315 4283 366 4336 pro
381 4263 505 4336 τροφάς,
528 4264 597 4332 quod
615 4263 691 4318 unice
712 4263 877 4334 probandum
893 4277 950 4318 erre
965 4257 1076 4328 apparet
1091 4277 1107 4314 o
1122 4278 1180 4330 unp.
1196 4263 1244 4318 λ

975 4363 1036 4432 8*
