2966 4990
230 361 293 424 1ss
663 355 767 422 GAP.
785 361 839 426 fl.
856 361 911 426 Gl-

227 529 1175 621 tenedatiapergamu‚iuvat‚onrnenquiitates‚
1207 535 1379 621 quasin-

227 633 392 716 venimus,
423 635 457 699 in
481 653 585 700 onom
610 632 726 700 locum
751 633 912 702 collectas
936 655 1151 724 proponere,
1184 657 1377 727 earumque

225 733 486 826 descriptionem
511 745 546 801 et
569 734 720 803 tabulam
745 735 906 806 exhibere
929 736 1040 806 henot

325 899 622 1028 θερμότερον
904 897 1202 1028 κρορρότιρον

325 1017 523 1102 ξηροτιρον
902 1032 1104 1128 ορροτερον

322 1104 546 1204 ἀραιότερον
902 1134 1127 1202 πσκνοτερον

321 1205 550 1304 κουφότερον
902 1204 1110 1305 βαρύτερον

321 1309 497 1406 όξστέραν
514 1309 650 1406 κίνησιν
666 1309 750 1400 ἔχον
903 1305 1179 1406 στασιμώτερον

321 1407 596 1507 (λαμπρότερον
849 1449 862 1474 ·
902 1407 1168 1506 ζοφερώτερον)

320 1508 552 1612 (λευκότερον
898 1508 1139 1607 μελάντερον)

324 1615 487 1710 (γλυκόον
897 1608 1146 1717 πικρότερον).

217 1769 276 1839 Ad
301 1793 385 1861 quar
409 1768 578 1841 accedunt
600 1767 729 1838 multae
753 1766 921 1857 utrimque
945 1767 1041 1835 aliae

319 1938 406 2030 Cap.
431 1937 493 2007 ol.
545 1939 681 2024 Restat,
713 1947 752 2007 ut
776 1938 822 2008 de
847 1938 1047 2008 difficultate
1079 1939 1192 2027 aliqua
1216 1938 1366 2026 dicatur,

216 2061 303 2126 quae
329 2063 348 2106 a
373 2040 575 2130 quibusdam
600 2049 693 2107 mota
718 2049 777 2108 est
828 2042 917 2109 Nam
941 2063 1046 2129 quum
1076 2041 1250 2132 Diogenes
1273 2051 1366 2112 teste

215 2141 406 2210 Aristotele
431 2143 494 2232 (de
519 2143 631 2210 Anim.
658 2141 750 2225 1‚z.
775 2142 844 2209 vid.
865 2165 942 2234 cap.
961 2142 1041 2232 43.)
1067 2150 1181 2211 aerem
1204 2144 1363 2213 tenuissi-

215 2267 306 2312 mom
332 2244 484 2313 omnium
508 2267 619 2312 rerum
645 2266 716 2311 esse
740 2243 886 2322 diceret;
918 2246 995 2333 qui,
1027 2267 1172 2332 quaeso,
1203 2246 1363 2316 accidere

128 2391 131 2400 ,
214 2355 364 2438 poterat,
391 2355 428 2416 ut
452 2347 543 2416 idem
569 2348 603 2413 in
628 2368 741 2414 rerum
767 2347 986 2437 generatione
1007 2349 1141 2415 tenuior
1158 2349 1265 2416 'etiam
1291 2349 1360 2417 fie-

213 2449 290 2518 ret?
328 2452 375 2519 At
399 2450 433 2518 io
458 2451 656 2518 memoriam
682 2470 879 2518 revocemus
904 2472 990 2540 opos
1016 2447 1084 2535 est,
1111 2450 1193 2538 quid
1218 2449 1359 2520 tandem

155 2609 159 2616 .
210 2552 269 2636 eit,
302 2552 397 2641 quod
422 2552 618 2621 Aristoteles
644 2550 751 2619 dicat:
781 2550 872 2619 unde
904 2553 997 2622 clare
1029 2554 1225 2644 apparebit,
1258 2551 1358 2620 diffi-

176 2729 182 2738 ,
211 2655 368 2724 coitatem
395 2656 492 2722 istam
517 2655 621 2745 plane
647 2677 719 2722 mse
742 2654 881 2721 nuttam.
914 2654 1005 2722 Dicit
1029 2655 1137 2738 enim,
1161 2654 1356 2744 Diogenem

210 2777 274 2845 pro
300 2758 513 2825 subtilissimo
540 2778 686 2847 corpore
711 2777 890 2844 rerumque
919 2757 1086 2846 principio
1112 2756 1269 2825 habuisse
1292 2763 1355 2824 ae·-

210 2879 299 2939 rem,
325 2879 367 2925 ex
392 2879 500 2945 eaque
524 2857 597 2948 ipsa
621 2880 660 2924 re
681 2879 815 2926 causam
840 2860 1028 2948 repetiieee,
1054 2880 1114 2928 cur
1140 2860 1267 2928 animus
1294 2881 1349 2926 re-

209 2957 301 3046 tiqoa
326 2967 512 3049 cognoscat
537 2981 579 3027 ac
603 2967 748 3027 moveat.
799 2959 882 3028 Esse
911 2970 1024 3030 autem
1056 2970 1249 3031 moventem
1280 2961 1351 3029 ani-

208 3083 313 3145 mum,
346 3059 403 3146 ait,
429 3083 496 3151 qua
513 3068 610 3130 tenus
635 3060 840 3131 tenuissimus
865 3062 914 3133 sit.
964 3064 1006 3130 ln
1029 3064 1150 3151 quibus
1174 3064 1253 3134 luce
1279 3064 1352 3134 cla-

207 3163 274 3232 rius
306 3173 372 3247 est,
409 3163 625 3233 Aristotelem
659 3164 755 3252 loqui
789 3163 835 3232 de
869 3171 946 3234 aere
987 3155 1110 3263 νόησιν
1149 3167 1350 3254 continente,

206 3267 336 3358 quippe
361 3267 395 3336 in
415 3289 485 3358 quo
512 3268 618 3336 omnis
644 3277 677 3336 et
701 3266 888 3336 intellectus
914 3276 948 3335 et
973 3279 1083 3335 motus
1108 3270 1278 3353 consistat,
1303 3269 1349 3336 de

206 3369 369 3440 calidiore
393 3372 498 3464 igitur
521 3369 664 3439 universi
688 3369 773 3440 airis
797 3379 911 3460 parte;
943 3394 1048 3458 quae,
1081 3372 1290 3457 quantumvis
1313 3371 1350 3438 in

204 3493 241 3538 re
266 3473 340 3562 ipse
364 3473 486 3542 iterum
508 3475 668 3542 tenuitate
692 3472 822 3541 diversa
847 3472 907 3561 sit,
934 3472 962 3540 si
986 3495 1065 3542 cum
1090 3472 1213 3562 frigida
1227 3481 1261 3540 et
1276 3470 1347 3538 hu-

204 3572 297 3639 mida
321 3573 514 3646 conteratur
540 3575 758 3666 eiusdemque
789 3575 872 3643 aeris
904 3584 1034 3665 partes
1053 3597 1095 3644 ex
1118 3597 1186 3664 que
1210 3582 1348 3645 ceterae

200 3869 287 3926 nicht·
304 3870 414 3937 anum,
431 3872 471 3926 alr
487 3870 530 3926 dia
543 3872 666 3937 Wirme,
682 3885 758 3927 wenu
774 3872 825 3927 wir
842 3873 935 3928 andero
951 3874 1130 3944 Vertinnung
1146 3873 1200 3926 nntl
1216 3872 1347 3926 Veriielr-

200 3945 266 4009 tang
288 3939 329 3993 οΙι
353 3939 396 3994 die
416 3957 466 3994 von
489 3941 546 3993 ihm
571 3959 794 4012 angonommenen
816 3944 1118 4013 Verwnutilnngaweiaen
1139 3945 1186 3996 der
1209 3941 1271 3995 inuti
1292 3943 1348 3994 be·

199 4009 318 4063 trachtan
336 4011 437 4064 durten.
473 4009 595 4064 cetorum
612 4012 680 4079 quod
698 4013 788 4080 simpl.
806 4011 869 4065 dicit
885 4030 912 4079 p.
930 4012 1004 4066 tib.
1031 4013 1079 4067 noi
1097 4012 1125 4067 oi
1142 4007 1348 4079 pertitnenat

200 4076 354 4148 νικκνόκητι
371 4075 406 4135 τό
424 4075 492 4135 ἄλλα
509 4080 670 4149 γεννῶντες,
698 4083 737 4154 τῷ
756 4079 902 4136 ἐπιτείνειν
919 4079 955 4151 ἣν
972 4080 1025 4152 ἔχει
1041 4080 1181 4150 ποιότητα
1197 4075 1217 4149 ἢ
1235 4077 1346 4136 ἀνιέναι

199 4148 343 4205 ποιοῦσιν.
377 4144 465 4220 ἡμὲν
488 4147 545 4220 prio
569 4146 695 4218 μόνοσις
718 4145 823 4216 ἄνεσις,
851 4145 917 4220 ἡδὲ
933 4149 1075 4214 πύκνωσις
1098 4148 1236 4215 ἐπίτασις,
1260 4167 1347 4216 quen-

198 4229 278 4282 quam
295 4215 426 4286 Diogenen
442 4219 523 4274 etium
539 4218 578 4275 ita
594 4219 681 4271 dicere
697 4220 797 4288 potuit,
821 4219 907 4290 magio
922 4225 1010 4276 tamen
1026 4222 1060 4276 att
1076 4219 1265 4275 Anaximenen
1281 4235 1345 4286 rpe-

198 4285 271 4334 ene
286 4281 396 4338 vitetur.
415 4287 457 4340 (it.
475 4289 569 4344 Ritter.
587 4305 612 4357 ρ.
629 4288 672 4342 oti.
