2942 4996
518 401 978 468 PRA-ElFA'Tl.0.'
1256 417 1308 472 ru
1426 445 1430 452 ·

161 581 194 642 et
210 571 355 663 utnpliuu
373 571 408 640 iu
429 575 592 665 penullt'ri
611 575 759 665 quadam
772 575 1240 652 'dissertationefftruetaverirn
1255 579 1311 671 Ἲς,

159 730 249 780 unsre
267 699 387 778 'nmen
415 733 476 796 ea,
513 733 603 800 quoe
631 722 704 782 turn
732 727 984 803 exposueram„
1000 735 1107 802 quum
1136 714 1169 785 ln
1198 717 1313 788 multis

159 869 246 946 nen·
270 823 481 916 onustam
500 848 717 934 viderentur,
769 850 934 940 pleraque
974 855 1151 923 retractavi
1189 855 1312 927 emnia.

161 983 253 1074 Turp
271 983 423 1074 inprimis
443 981 655 1074 fragmenta,
682 1005 773 1074 quae
796 985 1003 1076 e-liiegenis
1023 988 1113 1060 libre
1131 991 1215 1085 erpi
1230 985 1313 1085 ‘pain

163 1145 248 1200 eruc
278 1129 422 1188 aetatem
449 1121 614 1207 tulerunt,
661 1121 766 1214 digna
794 1121 1014 1208 videbantur,
1051 1139 1150 1212 quae
1168 1125 1313 1195 murima

163 1255 317 1327 adhiblta
341 1279 422 1327 eura
444 1266 695 1348 recenserentur
718 1269 821 1348 atque
844 1259 1106 1346 illustrarentur,
1147 1285 1253 1351 quum
1278 1277 1314 1342 et

162 1407 275 1483 peuce
289 1373 353 1462 siut
378 1395 448 1466 eius
468 1396 603 1487 generis
626 1419 668 1466 ex
688 1396 917 1488 illis'quidern
938 1398 1148 1490 temporibus
1169 1408 1316 1477 seruatus

162 1539 200 1598 ut
223 1529 292 1602 hee
311 1532 385 1599 sele
405 1531 449 1602 de
473 1553 573 1602 eausa
587 1533 793 1626 singularem
811 1515 930 1604 euraru
953 1557 995 1608 ae
1015 1536 1226 1627 diligentiam
1250 1535 1312 1604 silei

162 1669 333 1738 vindicare
354 1668 545 1758 videuutur3
581 1679 615 1737 et
638 1671 743 1743 multu
765 1649 866 1741 etiarn
888 1693 976 1743 nune
1002 1673 1037 1738 iu
1057 1671 1098 1740 iis
1117 1671 1313 1770 deprehen-

164 1803 305 1888 duntur,
344 1827 433 1892 quae
458 1803 611 1872 nendum
635 1805 739 1895 plene
769 1805 816 1874 ed
847 1805 1016 1894 liquidum
1039 1807 1213 1898 ,perducta
1240 1809 1313 1882 stet.

163 1937 204 2006 ln
227 1937 281 2006 his
306 1947 419 2008 eutem
445 1940 643 2031 fragmentis
670 1963 810 2034 magnas
841 1963 925 2032 prae
950 1944 1070 2015 ceteris
1096 1943 1314 2020 difficultates

163 2076 249 2145 ruilri
273 2076 383 2144 attulit
402 2076 599 2168 septimum,
622 2077 775 2174 quodie
795 2055 956 2148 uenarum
977 2103 1040 2170 per
1056 2103 1181 2170 eorpus
1199 2079 1313 2156 distri-

163 2199 302 2284 lrntiene
327 2214 529 2306 experienda
552 2223 717 2284 versatur:
743 2215 778 2281 in
799 2181 869 2308 que
887 2240 908 2283 a
926 2239 983 2283 nne
1005 2217 1182 2307 explicate
1202 2240 1314 2306 quau·

164 2361 286 2443 tepere
312 2351 391 2420 artis
416 2353 604 2443 peritorum
631 2351 730 2422 venia
762 2351 955 2444 indigeam,
1000 2317 1160 2439 eduidetu
1187 2355 1317 2436 senuas

165 2485 226 2556 sed
250 2487 413 2557 intectum
440 2490 631 2579 relinquere
660 2511 770 2576 neque
796 2489 910 2573 licuit,
944 2510 1055 2592 neque
1079 2488 1178 2556 libuit
1198 2489 1315 2576 etiam,

165 2647 270 2712 quum
292 2625 428 2694 tandem
449 2627 581 2696 initium
604 2623 799 2699 faciendum
824 2593 913 2692 esset
931 2622 1054 2692 harum
1076 2647 1188 2697 rernm
1212 2649 1315 2700 auen-2

167 2853 375 2866 ψ

237 3012 264 3078 *)
281 3012 321 3063 De
345 3008 471 3080 Diogenis
495 3009 681 3078 Apolloniatae
703 3009 759 3063 vite
782 3014 808 3062 et
831 3008 935 3076 scriptia
961 3007 1123 3074 dissertatio,
1156 3027 1252 3077 quern,
1288 3017 1318 3064 nt

167 3114 262 3150 menne
282 3097 488 3154 (lellnhereteris
510 3097 538 3149 in
563 3098 662 3164 (lyron.
685 3095 869 3149 Bernhardino
891 3093 942 3148 rite
964 3095 1089 3161 suscipiat
1117 3103 1167 3149 eet.
1194 3114 1244 3148 ser.
1269 3097 1324 3149 Fr..

166 3182 358 3238 Pnnuerhieter.
393 3181 551 3252 Meiningae
570 3181 824 3240 clotococxxltt.
842 3207 891 3240 τυ
909 3181 998 3234 llniue
1015 3181 1204 3237 dissertationis
1220 3182 1316 3239 dentis*

166 3271 249 3324 ritune
269 3269 407 3322 ltsendtr'ue
429 3269 458 3320 in
475 3269 657 3334 adnotatione,
681 3283 734 3336 que
749 3267 930 3320 Tennemenni
955 3266 1038 3320 libror
1054 3267 1087 3318 de
1103 3267 1216 3320 historie
1233 3267 1316 3335 philo·

167 3355 277 3424 ruphine
300 3367 383 3422 nuper
407 3355 528 3420 ernnvit,
558 3355 687 3408 rationem
704 3353 804 3405 habere
821 3353 943 3422 dignutus
960 3357 1016 3418 ert,
1046 3353 1101 3404 eliu
1125 3369 1252 3404 consensu
1269 3369 1318 3405 sne

167 3442 333 3510 approbent,
362 3439 431 3505 elia,
463 3457 577 3508 querum
600 3446 627 3493 et
649 3439 705 3506 ipse
728 3437 873 3492 meriturum
895 3443 997 3504 purtem
1020 3438 1127 3490 interint
1142 3437 1317 3506 uernum,

167 3526 315 3580 udonibus
342 3525 415 3577 hund
437 3525 630 3579 contemnendis
653 3525 821 3594 impugnans.
870 3523 931 3592 Que
953 3528 1042 3597 entem
1067 3524 1155 3593 magis
1177 3526 1261 3580 luetur
1286 3528 1319 3580 de

168 3613 234 3667 tenti
250 3611 303 3666 riri
319 3627 440 3676 neuneu,
465 3629 497 3665 eo
513 3611 695 3666 vehementius
711 3610 781 3662 milri
797 3611 884 3676 delet,
918 3610 989 3677 qrrod
1006 3609 1034 3662 in
1049 3609 1162 3680 singulis
1180 3611 1246 3664 loeis
1262 3613 1320 3666 einr

168 3699 326 3754 auctoritate
347 3699 388 3752 uti
410 3715 462 3752 nen
486 3703 621 3767 peterem,
655 3715 737 3766 quern
760 3715 822 3752 sere
843 3697 899 3750 einr
922 3713 988 3766 epus
1004 3695 1040 3752 ed
1061 3713 1105 3750 ure
1127 3696 1319 3764 adverteretur.

168 3771 329 3854 Quanquam
345 3785 426 3838 etiarn
443 3785 482 3838 rie
499 3787 623 3853 pleraque
644 3785 683 3838 itu
699 3783 833 3852 dieputete
856 3801 913 3838 esse
929 3785 1065 3849 videntne,
1089 3787 1120 3839 ul
1136 3788 1183 3842 eut
1203 3784 1320 3852 Wundtii

169 3871 295 3924 rerrtmtiu
311 3871 345 3924 iis
361 3872 546 3935 eontinentur,
570 3879 618 3925 eut
640 3876 730 3924 nestun
746 3870 908 3924 defendetur.
935 3872 1022 3939 ¹ldenr
1040 3869 1109 3922 rnilri
1126 3868 1269 3922 dicendum·
1281 3874 1321 3930 est

171 3956 204 4007 de
220 3957 334 4020 lllttrra',
352 3975 377 4008 v.
397 3959 450 4023 eh,
480 3958 564 4022 libro,
586 3975 664 4026 quern
689 3958 721 4010 de
738 3957 861 4009 universe
876 3957 990 4010 historie
1007 3953 1193 4025 philosophiae
1208 3951 1321 4020 scripsit,

172 4041 299 4108 eninsqne
315 4042 428 4106 primurn
446 4050 564 4112 pantenu,
581 4061 649 4112 quae
664 4061 747 4112 nuper
763 4044 834 4098 editu
851 4049 904 4106 ert,
930 4044 1014 4096 rnulte
1031 4043 1113 4095 etiem
1129 4043 1189 4105 pest
1205 4037 1321 4092 Wendtii

171 4145 240 4196 epus
255 4132 349 4178 noetus
365 4145 432 4182 ειιιιι.
466 4131 557 4196 Quare
571 4130 682 4184 leeteres
698 4125 821 4184 menendi
837 4136 912 4194 sunt,
934 4133 980 4194 ut,
1003 4127 1208 4195 quotiescunque
1225 4125 1321 4179 Ritteri

172 4231 268 4267 nemen
290 4213 346 4266 rino
362 4212 439 4266 tituto
455 4215 518 4267 libri
539 4217 677 4272 luumtnm
695 4215 856 4284 invenerint,
886 4216 919 4270 de
938 4212 1055 4267 eiusdem
1071 4208 1184 4264 historie
1205 4211 1322 4280 philere-

172 4301 252 4368 plriue
268 4299 371 4352 lenieae
388 4297 525 4366 roelpinnt.
