2966 4990
633 419 737 484 eor.
766 425 819 486 aa·
1091 512 1097 522 Ι
1137 491 1150 518 .
1199 371 1298 522 ‚rste

154 598 226 661 tum
245 595 418 677 el,quem
433 589 632 662 admodum
656 599 689 659 et
715 593 806 682 apud
832 589 987 661 Dioclem
1014 594 1048 662 io
1073 593 1297 674 voluminibus

155 690 199 758 de
225 692 400 760 mulierum
425 693 563 761 morbis.
615 692 735 785 Ilnjm
759 702 879 764 aulem
903 696 1016 762 solnm
1048 696 1318 788 Apolloninlen·

153 792 356 884 Diogenem
391 795 427 861 in
461 796 679 862 eontrarium
715 793 817 864 abire
849 798 1058 866 sententium
1092 798 1220 888 inquil,
1261 799 1296 864 in

152 896 307 966 secundo
333 897 380 962 de
403 893 551 970 Natura
576 898 759 966 volumine.
813 897 889 968 Sed
914 899 1004 966 liber
1022 899 1083 966 ille
1108 901 1145 965 in
1169 921 1297 966 vinnons

152 1005 293 1064 nostrus
327 1017 395 1064 non
428 998 522 1066 venit
537 993 605 1087 1).“
676 1001 807 1090 Aperte
845 999 948 1092 igitur
981 1000 1152 1090 Diogenes
1186 1020 1295 1091 puero

151 1099 397 1167 conformando
422 1099 500 1188 plus
522 1103 684 1190 temporis
701 1103 880 1186 concessit,
898 1124 999 1189 quam
1018 1104 1165 1193 puellae.
1192 1101 1295 1170 Unde

151 1200 236 1266 mihi
261 1200 397 1288 quidem
418 1201 548 1274 numeri
572 1201 667 1292 apud
691 1202 911 1272 Censorinum
930 1205 1016 1271 inter
1045 1227 1116 1273 sese
1138 1225 1293 1273 commu-

150 1301 211 1368 tati
232 1324 302 1370 esse
320 1302 491 1385 videntur,
517 1304 564 1370 ils
576 1305 778 1372 utmaseulis
798 1306 947 1393 quinque
966 1328 1112 1393 menses,
1137 1305 1292 1374 foeminis

151 1411 269 1472 contra
287 1413 430 1491 quatuor
443 1403 610 1471 tribuendi
632 1406 718 1472 sint·
761 1405 833 1472 lam
856 1428 961 1492 quum
983 1415 1102 1495 quarto
1127 1415 1161 1474 et
1174 1407 1290 1493 quinto

4 1507 6 1516 ’
54 1541 58 1548 ·
149 1527 265 1572 mense
287 1526 411 1595 corpus
438 1528 480 1572 ex
501 1506 638 1572 informi
665 1505 797 1572 seminis
828 1508 968 1572 materia
997 1505 1188 1597 perlectum
1219 1530 1290 1574 esse

149 1615 300 1676 censeret
325 1616 539 1692 maturosque
569 1605 698 1685 foetus3
739 1609 889 1693 quaestio
916 1608 1037 1690 oritur,
1070 1608 1289 1695 quarantene

147 1730 213 1798 per
233 1707 379 1794 reliquos
410 1715 467 1773 aut
491 1706 638 1794 quinque
659 1716 715 1774 aut
736 1729 793 1775 sex
814 1730 962 1794 menses,
988 1708 1110 1797 quibus
1131 1710 1166 1777 in
1192 1718 1287 1782 utero

146 1811 347 1891 retinentur,
368 1847 419 1860 --
444 1831 522 1875 nam
536 1808 669 1878 decimo
690 1808 828 1878 tandem
848 1832 962 1878 mense
978 1820 1167 1880 eveterum
1191 1834 1288 1878 men-

146 1913 231 1978 sium
254 1910 506 2000 computatione
528 1920 643 1999 partus
666 1911 880 1979 eduntur-
901 1912 1087 1982 nutriantur
1104 1934 1145 1982 ac
1161 1921 1289 1988 susten,-

145 2021 268 2098 tentur,
279 2021 325 2095 ut,
341 2035 441 2100 quem
458 2011 501 2078 ad
515 2013 655 2080 modum
667 2013 823 2103 figurem,
841 2013 887 2080 ita
903 2011 1022 2081 iustam
1039 2015 1138 2082 etiarn
1154 2016 1291 2103 magni·

146 2113 296 2180 tudinem
315 2114 553 2203 adipiscantur.
603 2116 717 2202 Atque
739 2116 774 2183 in
796 2113 863 2183 bac
880 2117 1072 2203 quaestione
1092 2117 1214 2184 iterum
1233 2117 1287 2184 lu-

145 2237 222 2284 cem
241 2217 387 2303 aliquam
403 2217 545 2304 praebet
563 2214 772 2284 Censorinus
787 2237 816 2286 c.
834 2215 876 2284 V.
901 2218 990 2285 Nam
1004 2219 1288 2308 „Anaxagorae,“

145 2318 267 2405 inquit,
293 2318 500 2406 „ceterisque
524 2318 752 2407 compluribus
770 2339 837 2407 per.
849 2319 1045 2387 umbilicum
1063 2321 1156 2386 cibus
1177 2318 1288 2386 admi·

145 2419 273 2487 nistrari
287 2419 434 2498 videtum
460 2429 502 2502 nt
520 2419 701 2509 Diogenes
715 2427 748 2484 et
759 2419 906 2506 Hippon
930 2419 1185 2502 existimarunt,
1212 2439 1287 2492 esse

145 2522 180 2588 in
194 2522 276 2589 alvo
293 2521 498 2610 prominens
518 2519 710 2607 quiddam,
735 2517 831 2606 qnod
855 2515 974 2608 ndens
998 2538 1061 2584 ore
1083 2518 1286 2609 apprehen-

143 2623 246 2690 dut.“
296 2621 468 2710 Suspicor,
493 2641 570 2685 eum
591 2616 705 2687 dicere
725 2619 951 2708 prominentia
968 2619 1029 2686 istu
1046 2619 1080 2686 in
1103 2628 1199 2687 utero
1213 2621 1286 2687 sui-

101 2801 104 2808 ,
143 2725 280 2792 mulium
294 2720 529 2790 ruminantium
546 2720 764 2809 corpuscula,
790 2740 877 2805 quae
891 2719 1134 2808 cotyledonnm
1148 2723 1285 2792 nomine

142 2824 341 2915 physiologi
369 2823 560 2911 appellant,
598 2821 783 2910 qualesque
802 2822 837 2887 in
858 2842 998 2908 manco,
1030 2823 1179 2910 quitum
1201 2834 1283 2907 erat,

141 2927 264 2994 harum
284 2945 396 2992 rerum
414 2946 475 2990 usu
488 2922 638 2991 humano
658 2924 759 2990 etiam
783 2931 879 2991 utero
898 2923 1021 3008 inesse,
1047 2924 1206 3013 equibus
1229 2926 1282 2992 in-

141 3030 215 3096 fans
235 3028 349 3096 cibum
377 3033 532 3116 sugeret,
566 3025 715 3094 statuisse
733 3023 866 3094 videtur
882 3025 1063 3115 Diogenes.
1116 3026 1170 3097 cf.
1187 3027 1282 3120 Hip-

135 3150 238 3222 pocr.
259 3128 292 3193 d.
312 3128 437 3197 carnib.
461 3126 560 3195 s..lll
585 3149 621 3216 p
639 3125 698 3193 31.
715 3126 768 3199 ed.
790 3127 888 3194 Foiis.
939 3127 1071 3195 Pleuit.
1094 3127 1138 3211 V,
1163 3126 1223 3194 16.
1245 3152 1280 3218 p.

140 3228 228 3297 478.
279 3228 380 3295 Hutt.
402 3221 652 3348 Δημόκριτος,
679 3225 914 3319 Επίκουρος,
941 3220 1216 3352 roipsspuqnin
1235 3228 1282 3323 τῆ

138 3323 263 3454 μήτρᾳ
290 3321 353 3399 den
377 3329 446 3400 τοῦ
472 3321 655 3417 στόματος
679 3328 905 3447 τρέφεσθαι
929 3323 1021 3399 ὅθεν
1043 3323 1177 3407 εὐθέως
1196 3355 1283 3454 yen-

139 3431 260 3551 cquis
272 3428 328 3500 ἐπὶ
354 3423 580 3520 respuendo
600 3429 750 3523 φέρεται
770 3427 824 3519 aqi
838 3421 1134 3519 sedunensium
1158 3423 1228 3525 ynip
1243 3434 1282 3502 ἑν

113 3532 185 3624 ,τῇ
207 3524 332 3625 μήτρᾳ
355 3524 470 3626 θηλάς
494 3556 597 3609 τινας
619 3530 679 3600 καὶ
702 3522 894 3620 στόματα,
928 3523 1049 3600 δίων
1069 3530 1280 3624 τρέφονται.

137 3631 297 3700 Ceterum
320 3631 364 3697 ad
386 3654 503 3720 parem
526 3632 582 3698 vel
603 3630 747 3698 similem
768 3631 931 3697 rationem
951 3630 1158 3718 reliquorum
1179 3633 1280 3701 etiam

137 3734 351 3801 animantium
375 3733 645 3822 generationem,
672 3732 755 3799 dum
769 3731 876 3799 modo
892 3731 996 3799 fusius
1011 3753 1051 3798 ea
1074 3731 1119 3799 de
1136 3755 1175 3802 re
1197 3735 1279 3826 egit,

136 3857 213 3902 eum
235 3834 438 3924 explicasse,
463 3835 647 3925 probabile
662 3845 726 3916 est3
751 3834 814 3904 sed
827 3841 941 3904 tacent
956 3842 1104 3904 velerum
1115 3834 1201 3904 libri.

134 4059 344 4074 -—

201 4202 230 4262 ll
246 4197 314 4255 Pon
303 4196 428 4288 ’ἕφοςό
408 4215 548 4290 eequis,
571 4193 692 4284 Amydon
718 4193 771 4250 rein
787 4193 972 4250 Ztnullnmcir
959 4214 1008 4261 την
1026 4191 1118 4282 μόνον
1143 4191 1277 4260 ἐναντίως

133 4266 340 4340 ἀποφήνασθαι
357 4267 428 4324 scaci
449 4269 483 4325 το
506 4267 570 4337 περὶ
593 4283 704 4337 quosue
730 4262 870 4334 δεύτερον.
894 4261 947 4334 ἐγώ
972 4262 1004 4321 di
1021 4261 1073 4320 odo
1089 4262 1218 4338 ins'ruzon
1234 4269 1275 4340 τῷ

122 4342 237 4414 -βεθῑιὍφ
