2942 4996
533 443 636 514 cnr.
658 447 709 516 ra.
731 438 783 516 ro.
807 443 857 518 rr.
1219 447 1271 531 to}
1334 505 1337 510 .

117 617 272 704 deretur,
304 639 407 708 qnam
432 625 471 688 ut
497 635 738 711 corporearum
769 641 882 690 rernm
915 619 1119 712 contagione
1143 633 1264 696 conta-⁶

76 765 79 772 ·
115 721 244 790 minare
257 743 333 792 eam
350 721 501 792 auderet.
552 724 685 808 Quibus
710 723 797 792 aliae
823 724 925 792 etiam
950 745 1070 793 causae
1086 726 1167 794 addi
1185 749 1266 818 pos·

116 833 206 908 sent,
238 821 272 892 si
291 825 498 896 coniecturas
524 827 618 915 sequi
643 827 777 896 vellem.
828 827 948 916 Neque
973 826 1134 912 alterum,
1169 829 1264 920 quod

115 926 234 1017 posui,
261 937 497 1018 argumentum
523 931 567 997 alr
593 930 686 998 omrai
710 929 934 998 controversia
959 937 1068 996 tutum
1095 937 1153 997 est.
1187 921 1265 1000 Non

6 1097 8 1100 .
117 1029 205 1098 enim
232 1029 414 1098 absurdum
441 1053 512 1100 esse
536 1031 687 1115 videtur,
719 1039 881 1116 statuere,
907 1033 1164 1121 Anaxagoram,
1199 1034 1265 1102 suis
1330 1061 1336 1081 =

115 1131 255 1200 meantis
279 1134 398 1222 paullo
423 1133 640 1219 inflationem,
666 1133 808 1202 aliorum
834 1155 948 1204 euram
974 1155 1079 1224 agere
1103 1134 1265 1205 noluisset

115 1233 212 1324 quod
239 1255 259 1300 e
283 1235 552 1325 fragmentorum
577 1236 706 1306 ratione
732 1243 767 1304 et
792 1257 880 1306 nexu
905 1235 990 1306 mihi
1024 1235 1163 1325 quidem
1190 1239 1267 1307 elu-

114 1359 194 1409 cere
216 1334 360 1406 videtur.

151 1567 153 1572 Ι
217 1471 304 1564 Cap.
332 1469 393 1541 16.
446 1471 592 1566 Diogeni
624 1482 743 1544 eontra
767 1474 1009 1566 Anaxagoram
1034 1471 1139 1542 luisse
1161 1473 1265 1564 iguo·

113 1583 204 1661 tum,
229 1577 339 1644 multo
361 1577 482 1645 certius
497 1586 610 1667 potest
629 1576 861 1645 demonstrari.
894 1651 896 1658 Ι
913 1573 1046 1660 Quodsi
1065 1574 1153 1641 enim
1170 1576 1266 1642 Ana·

113 1699 263 1768 xagorae
294 1678 422 1770 placita
454 1700 531 1746 eum
563 1679 695 1747 novisse
729 1700 916 1771 ponamus,
939 1682 1031 1758 'sane
1056 1675 1265 1745 mirationem

114 1777 217 1860 lacit,
243 1800 286 1845 ne
313 1779 513 1846 levissimam
538 1780 677 1866 quidem
701 1777 801 1846 huius
826 1778 875 1845 rei
900 1775 1178 1869 significationem
1204 1799 1266 1846 ue·

114 1873 184 1969 que
209 1878 244 1945 in
268 1879 466 1969 fragmentis
494 1903 609 1969 neque
633 1880 747 1963 iniis,
786 1902 876 1968 quae
907 1887 1082 1968 praeterea
1116 1877 1161 1947 de
1194 1879 1265 1949 eius

114 1981 269 2050 doctrina
294 1982 401 2048 relata
427 1991 520 2067 sunt,
547 1981 705 2071 reperiri:
738 1979 793 2064 id,
820 1980 915 2069 quod
941 1980 1008 2047 iam
1033 1979 1266 2050 Schleierma-

114 2083 239 2156 cheros
273 2082 417 2150 ostendit
457 2083 492 2150 in
524 2083 663 2174 singulis
701 2081 804 2171 locis,
825 2158 826 2163 ἵ
848 2105 950 2170 quem
983 2092 1138 2172 repetere
1171 2084 1264 2154 nolo.

113 2187 286 2277 Diogenes
312 2194 369 2252 aut
396 2177 521 2280 νόησιν
548 2186 593 2254 ab
618 2192 696 2254 aire
722 2206 905 2276 segregare
931 2184 1088 2277 debebat,
1115 2193 1173 2252 aut
1196 2208 1265 2277 pu-

113 2311 221 2382 gnare
246 2297 364 2356 contra
388 2288 646 2380 Anaxagoram:
671 2287 766 2378 quod
793 2286 933 2374 quidem
959 2286 985 2354 si
1011 2287 1154 2370 lecisset,
1179 2310 1265 2378 pro-

113 2391 206 2460 fecto
231 2413 298 2457 non
323 2389 478 2458 tacuisset
503 2391 706 2483 Simplicius.
754 2389 847 2457 Tum
873 2388 915 2456 fr.
940 2388 975 2454 11
997 2389 1179 2478 Diogenes,
1206 2389 1265 2456 ubi

114 2493 227 2562 omnia
251 2515 293 2561 ex
319 2514 386 2561 uno
415 2491 607 2583 eodemque
633 2491 801 2582 principio
826 2490 1002 2557 immutata
1027 2489 1101 2575 sint,
1128 2510 1264 2558 necesse

115 2619 203 2682 esse,
229 2595 434 2686 argumentis
459 2593 689 2662 demonstrare
715 2600 866 2676 conatur,
893 2588 1022 2656 etiamsi
1044 2588 1178 2657 nomine
1194 2612 1264 2659 non

113 2697 315 2791 appellaret,
340 2719 379 2763 re
404 2704 518 2763 tamen
543 2694 767 2764 nobilissimae
791 2691 881 2758 illins
896 2691 1119 2781 Anaxagorae
1136 2691 1265 2760 doctri-

113 2800 365 2868 uastationem
391 2793 521 2864 habere
547 2796 713 2876 debebat,
747 2815 836 2880 quae
862 2813 942 2860 suae
966 2809 1102 2882 prorsus
1129 2802 1265 2860 contra-

112 2903 163 2970 ria
189 2909 261 2968 erat
287 2908 321 2964 et
347 2897 514 2987 opposita.
568 2895 700 2981 Quodsi
726 2903 839 2963 autem
860 2892 950 2961 hanc
974 2893 1175 2985 impugnare
1200 2917 1264 2963 vo-

113 3003 224 3087 lebat,
250 2999 407 3091 prolecto
431 2997 462 3066 ei
480 3008 694 3090 argumenta,
720 2997 841 3087 quibus
857 2991 951 3065 suam
967 2997 1163 3065 sententiam
1178 3008 1264 3088 pro-

113 3105 228 3187 baret,
256 3101 413 3192 eligenda
440 3112 533 3170 erant
557 3102 648 3185 talia,
672 3100 795 3191 quibus
820 3099 919 3168 simul
933 3101 1160 3196 Anaxagorae
1182 3100 1263 3190 pla·

113 3207 179 3275 cita
204 3205 307 3296 plane
334 3203 591 3273 excluderentur
616 3226 657 3271 ae
682 3201 768 3270 falsa
794 3210 1006 3293 apparerent.
1058 3202 1131 3267 lam
1157 3223 1263 3288 quum

112 3309 286 3401 Diogenes
312 3306 368 3388 id,
395 3306 489 3394 quod
515 3306 579 3373 sibi
604 3308 773 3395 placeret,
803 3311 929 3371 *cuncta
956 3323 997 3368 ex
1023 3301 1146 3369 eodem
1172 3303 1263 3369 lacta

113 3432 202 3494 esse,
236 3408 317 3476 inde
350 3407 611 3490 demonstraret,
646 3405 825 3492 quoniam,
863 3403 890 3468 si
925 3402 1021 3468 aliter
1054 3408 1262 3486 statueretur,

114 3513 251 3582 omnino
277 3511 350 3578 lieri
375 3516 490 3629 posset
510 3507 614 3578 nihil.
647 3506 718 3574 hoe
742 3501 879 3595 plane
870 3524 905 3568 m
930 3504 1167 3591 Anaxagoram
1194 3523 1263 3568 non

113 3615 300 3707 quadrare,
337 3612 443 3702 quivis
478 3610 588 3693 videt,
623 3605 900 3699 qnandoquidem
926 3625 967 3671 ex
994 3603 1095 3671 huius
1122 3603 1263 3692 quidem

113 3719 275 3788 sententia
302 3738 417 3783 omnes
443 3737 495 3782 res
522 3712 744 3804 simpliciores
771 3705 906 3775 omnino
928 3727 996 3773 non
1016 3705 1116 3787 tiunt,
1142 3705 1202 3772 sed
1217 3706 1262 3772 ab

115 3829 252 3889 aeterno
276 3828 433 3909 ternpore
467 3823 594 3884 exstant
627 3815 755 3898 factae,
797 3829 925 3895 eaeque
951 3825 1067 3875 omnes
1091 3806 1124 3873 in
1151 3807 1263 3874 omni·
1375 3867 1383 3876 .

114 3923 197 4007 bus,
226 3928 264 3986 ut
289 3920 390 3989 facile
413 3919 495 3986 inde
519 3916 682 4010 explicari
706 3911 821 4006 possit,
846 3909 906 4000 qui
931 3907 1071 3995 eveniat,
1097 3917 1134 3977 ut
1151 3904 1264 3975 omnia

115 4045 159 4094 ex
184 4019 337 4090 omnibns
362 4022 520 4090 oriantur.

220 4155 306 4246 Cap
335 4153 397 4227 lt.
447 4157 624 4226 Postremo
652 4173 693 4219 ex
719 4147 892 4231 omnibus,
916 4165 1005 4233 quae
1031 4139 1076 4207 de
1101 4135 1265 4228 Diogenis

116 4265 227 4331 aetate
253 4259 422 4348 disputata
448 4266 540 4339 sunt,
578 4263 670 4326 recte
703 4249 822 4342 colligi
847 4267 947 4339 posse
979 4241 1137 4309 videntur
1160 4237 1265 4308 haec.

117 4362 212 4434 Erat
237 4359 400 4453 aequalis
424 4355 609 4448 Diogenes
639 4355 909 4444 Anaxagorae,
948 4343 976 4409 si
993 4340 1263 4528 1111ὴ1111111θηιιιιι
