2942 4996
438 454 989 526 orr.raar..naaau.11.
1095 537 1107 544 ,
1239 467 1300 556 ⁸³5.

132 633 257 712 neque·
275 627 504 700 nominatum
536 629 747 719 ddotrinam‚
786 634 824 698 ut
857 652 922 721 par
956 637 1051 717 erat,
1089 633 1281 706 excludunt.

131 723 204 794 Sed
229 728 427 818 priusquam
451 731 497 799 ad
529 732 653 824 fragm.
678 732 713 798 11
740 731 975 821 explicandum
1001 734 1280 824 progrediamur,

130 825 166 894 in
192 849 270 896 enm
295 829 466 919 ordinem,
491 856 594 923 quem
621 832 780 924 deinceps
804 833 977 924 Diogenes
1003 834 1036 899 in
1062 835 1150 901 libro
1178 837 1278 904 ador-

130 929 245 999 nando
276 943 408 1008 secutus
440 941 511 1004 esse
545 934 719 1019 videatur,
759 935 926 1022 inquirere
951 934 1075 1025 piacet.
1126 937 1276 1029 Efrag·

130 1033 250 1101 mentis
274 1044 396 1126 autem,
430 1057 518 1128 quae
542 1037 720 1121 habemus,
748 1057 825 1104 eum
849 1038 950 1104 talem
977 1036 1078 1104 fuisse
1104 1038 1195 1107 clare
1216 1064 1281 1130 ap·

129 1146 247 1226 paret,
285 1139 421 1226 qualem
452 1140 506 1207 vix
537 1140 712 1208 meliorem
743 1135 837 1226 sequi
867 1148 1010 1230 poterat.
1062 1139 1149 1206 Nam
1175 1165 1282 1230 quum

130 1259 231 1306 unam
250 1259 322 1309 esse
335 1233 626 1338 a'ppirponeret3
650 1240 761 1333 primo
785 1241 864 1310 ioco
886 1240 1067 1308 rationibus
1083 1243 1115 1309 ei
1141 1242 1280 1312 firman-

129 1337 214 1408 dum
235 1350 319 1426 erat,
344 1363 473 1411 revera
498 1366 617 1414 omnes
641 1365 701 1412 res
725 1365 770 1412 ea
794 1365 864 1411 uno
889 1343 1081 1434 eodemque
1100 1345 1281 1440 principio

129 1441 307 1535 originem
344 1443 500 1514 ducme:
541 1448 596 1533 id,
636 1445 731 1535 qnod
771 1445 853 1513 iacit
886 1445 1010 1535 fragm.
1048 1445 1093 1510 11.
1146 1446 1279 1516 Deinde
1393 1493 1395 1498 -

128 1565 234 1633 quum
268 1548 398 1636 priores
424 1547 531 1618 ionici
562 1550 622 1616 hic
645 1549 734 1630 iiiia,
775 1547 833 1614 ubi
864 1546 1071 1613 naturalibus
1095 1546 1202 1614 causis
1227 1571 1281 1617 res

129 1648 301 1736 explicare
328 1667 396 1716 uon
421 1660 573 1740 possent,
598 1651 644 1717 ad
669 1650 738 1718 rim
763 1649 911 1736 aliquam
933 1657 1050 1714 natura
1071 1649 1280 1736 superiorem

100 1749 370 1839 .coniugerent‚
395 1751 463 1819 sive
491 1775 565 1820 eam
591 1752 670 1836 fati,
700 1752 769 1818 sive
795 1751 938 1818 deorum
964 1748 1097 1817 nomine
1123 1752 1282 1840 appeliass

129 1859 221 1929 rent3
245 1851 318 1941 ipse
344 1874 425 1920 vero
451 1853 578 1944 primus
603 1853 675 1920 vim
701 1854 859 1944 aliquam
884 1851 1095 1920 rationalem
1119 1847 1278 1948 (νόησιν)

128 1951 241 2020 omnia
281 1954 514 2042 penetrantem
548 1955 862 2047 gubemantemque
902 1955 1026 2022 clarius
1064 1953 1288 2045 agnosceret3'

126 2054 312 2122 meandum
338 2057 369 2123 ei
393 2058 567 2148 negotium
594 2056 710 2124 datum
736 2055 926 2140 arathae,
969 2063 1009 2122 nt
1039 2056 1134 2125 itanc
1160 2058 1277 2148 ipsam

121 2156 301 2248 principio
326 2180 400 2243 sno,
427 2181 533 2250 equo
558 2181 626 2228 uno
652 2159 822 2226 mnndum
849 2158 1025 2244 conderet,
1051 2159 1218 2248 quidquid
1240 2159 1277 2227 id

128 2269 234 2342 esset,
268 2263 467 2329 necessaria
493 2263 636 2346 ineram·
655 2260 799 2329 uberius
823 2258 1093 2329 demonstraret.
1145 2261 1187 2327 ld
1214 2283 1273 2328 an-

127 2367 197 2428 tem
219 2382 261 2427 eo
286 2361 376 2448 loco,
402 2363 494 2432 unde
518 2363 746 2456 fragmentum
767 2361 817 2430 lv
839 2371 1036 2450 excerptum
1062 2371 1121 2445 est,
1148 2362 1276 2429 iactum

127 2483 200 2532 esse
225 2485 267 2531 ex
291 2463 361 2535 hoc
385 2466 463 2557 ipso
492 2468 719 2556 perspicuum.
762 2464 984 2548 Sequebatur,
1008 2469 1045 2527 ut
1069 2463 1168 2528 tertio
1195 2462 1276 2530 loco

125 2567 308 2634 rationibus
334 2569 513 2657 probaret,
553 2589 661 2634 unum
686 2563 779 2632 illud
804 2563 958 2630 omnium
981 2581 1113 2630 rerum·
1129 2563 1275 2647 initium,

126 2669 222 2758 quod
248 2662 370 2764 ro'q'aee
396 2669 598 2751 contineret,
625 2687 700 2736 ctae
725 2671 853 2732 utrem,
888 2663 987 2746 Quae
1006 2663 1145 2751 quidem
1167 2685 1276 2752 quae-

124 2769 189 2835 stio
221 2769 305 2838 duas
336 2771 480 2836 maxime
510 2791 563 2836 res
597 2765 843 2856 complectitur.
901 2765 1151 2854 Exponendum
1185 2767 1288 2848 enim¹

126 2880 216 2953 erat,
260 2880 332 2935 turn
367 2869 542 2959 quomodo
576 2877 641 2938 a'e‘r
666 2869 761 2937 hano
784 2866 856 2935 aim
881 2867 1093 2934 rationalem
1120 2869 1288 2937 contina·

125 2977 181 3038 ret
207 2978 241 3038 et
267 2969 383 3060 qualis
409 2994 454 3040 οο
479 2979 588 3054 esset,·
612 2981 683 3039 tum
704 2969 877 3063 quomodo
898 2991 944 3037 ea
964 2992 1004 3038 eo
1031 2967 1182 3064 νοήσεως
1207 2993 1290 3062 ope,

126 3093 246 3140 omnes
269 3092 328 3139 rea
350 3081 567 3163 procreatae
591 3080 712 3143 essent.
759 3072 912 3156 Quarum
939 3072 1077 3139 aiteram
1104 3075 1274 3158 quaestio-

124 3195 204 3242 nem
228 3172 341 3265 primo
368 3175 456 3244 libro
482 3185 639 3246 tractasse
668 3175 819 3254 videtur3
846 3175 952 3242 altera
977 3195 1058 3241 vero
1083 3181 1192 3240 totum
1216 3198 1273 3241 reu

123 3277 253 3366 liquam
281 3276 359 3344 libri
384 3278 547 3345 ambitum
574 3277 796 3365 complevisse
820 3275 971 3365 putanda
997 3283 1055 3342 est.
1103 3275 1175 3342 Sed
1200 3297 1273 3342 rem

122 3379 231 3470 ipsam
257 3378 444 3448 accuratius
470 3379 758 3468 contemplemnra
793 3457 796 3462 ¹

227 3526 393 3620 captu
422 3527 575 3622 Fragm.
592 3528 638 3601 11.
676 3523 809 3620 Ἐμοὶ
835 3521 880 3596 di
908 3521 1083 3610 daniae,
1110 3518 1164 3598 ad
1189 3525 1287 3616 pir.

162 3703 366 3761 invonitnriioc
383 3709 479 3778 fragm.
503 3709 572 3776 apud
590 3709 681 3792 Simpl.
749 3703 789 3760 td
815 3701 881 3774 pir
905 3699 1052 3770 ξύμπαν
1078 3702 1214 3769 εἰπεῖν]
1241 3711 1271 3756 ut

122 3777 150 3830 ita
166 3776 243 3844 phys.
259 3791 286 3842 p.
302 3775 338 3830 82
354 3778 394 3841 in,
412 3779 458 3844 qui
475 3777 518 3830 iria
535 3777 623 3830 vorbis
640 3793 681 3828 m·
714 3777 801 3827 omnin
819 3775 981 3841 complectar,
998 3773 1171 3823 utnaouerto
1184 3773 1272 3822 omniu

122 3842 207 3897 ducii:
224 3842 325 3910 γράφει
341 3843 372 3899 dl
389 3841 477 3910 aridia
492 3843 680 3914 parietinar-
715 3845 809 3896 dicam.
826 3843 894 3896 Nam
907 3841 976 3907 qnod
988 3839 1105 3891 dicturus
1118 3845 1166 3904 ort,
1182 3853 1272 3890 omnen

123 3911 219 3977 onam
235 3909 316 3978 adda,
340 3919 370 3966 nt
392 3915 426 3966 de
447 3915 522 3978 loco,
548 3914 595 3966 uiri
615 3913 681 3966 olim
713 3927 755 3964 rar
772 3927 804 3963 ex
820 3911 911 3963 eodem
929 3907 1129 3976 principiorem
1146 3912 1226 3966 ortas,
1242 3903 1271 3954 in

122 3980 151 4034 in
169 3977 295 4044 otnant·
317 3979 386 4032 libro
409 3983 569 4036 collocatum
590 3981 680 4046 fuerit,
713 3996 746 4032 oo
760 3995 865 4032 summa
880 3978 937 4030 eius
955 3975 1140 4042 philosophiae
1156 3972 1272 4023 coutine-
1314 4019 1317 4032 ,

6 4087 10 4110 t
122 4045 241 4102 dubii&
256 4053 374 4112 mamili·
713 4054 764 4101 tar.
798 4043 849 4110 ‘tae
867 4047 895 4098 in
912 4045 1009 4098 talibus
1025 4059 1076 4094 non
1093 4056 1155 4092 raro
1171 4038 1272 4090 omitti·

157 4111 259 4181 'unat
283 4110 319 4167 tt
345 4113 480 4182 dorios]
511 4116 561 4170 Hir
591 4116 681 4169 verbis
713 4120 765 4168 tur.
789 4116 831 4171 (ii.
850 4113 947 4166 Herod.
965 4111 1055 4172 laur.
1081 4102 1216 4189 putridi,
1235 4103 1270 4159 od

121 4183 156 4238 Di
225 4197 254 4236 er
269 4197 347 4236 ruam
363 4180 449 4252 ἀρχὴν
465 4185 681 4252 taprtmmiam
713 4185 806 4256 πολλῷ
828 4180 899 4253 λόγῳ
922 4181 1025 4239 εἰπεῖν,
1049 4191 1151 4258 zoarae
1175 4173 1268 4244 διέφυ.

122 4253 159 4321 pir
244 4251 307 4304 triae
329 4267 393 4305 rum
416 4251 569 4304 sententiam
585 4269 681 4320 propo-
717 4251 832 4320 Thocari.
848 4253 882 4315 1,
899 4246 960 4301 lau.
988 4242 1037 4295 aut
1052 4243 1084 4294 td
1102 4241 1214 4308 ξυμπον
1231 4245 1268 4297 εἰ·

122 4321 172 4442 qq
197 4321 328 4444 w
348 4319 445 4386 smpr.
470 4320 578 4385 paena
594 4323 681 4376 aaran
714 4324 784 4375 aaa.
801 4319 893 4418 unq.
910 4315 944 4392 ut
961 4311 1051 4395 viga.
1066 4309 1170 4378 unta
1269 4389 1283 4409 ,ι
