2966 4990
571 385 672 450 err.
693 389 746 452 aa
767 388 819 474 ιι.
1233 395 1278 457 ιιι

129 562 251 656 ieeur,
279 556 359 630 ἐπεὶ
370 553 455 632 odde'
469 555 542 631 vair
561 551 765 650 diripuimus
782 551 965 654 ἀλλήλοις·
992 565 1066 627 tum
1080 577 1161 626 vero
1172 557 1276 628 ,ettam

130 684 170 728 ex
191 660 261 730 hoe
282 661 487 750 Blacitorurn
513 660 610 750 loeo,
638 662 671 728 in
693 682 762 750 quo
781 660 879 732 istam
894 661 1081 730 animorum
1103 661 1278 750 diversita-

128 773 197 832 tem
218 763 251 829 in
268 763 339 830 aliis
357 785 377 828 e
400 763 561 830 densitate
583 763 685 846 airis,
710 763 745 830 in
767 763 838 828 aliis
854 785 894 829 ex
910 762 1113 833 abnndantia
1128 761 1279 830 humoris

130 867 299 956 explicare
320 874 468 935 conatur.
523 865 627 948 Quod
649 874 685 932 ut
706 874 798 934 recte
821 865 1064 955 intelligamus,
1091 867 1126 932 in
1147 889 1278 935 menra-

129 970 212 1035 riam
232 989 427 1036 revocemus
443 974 595 1058 oportet,
622 989 705 1054 quas
723 969 938 1057 potissimum
947 968 987 1034 lr.
1005 967 1055 1036 vl
1074 966 1143 1035 altri
1167 968 1279 1056 quali-

128 1079 212 1137 tates
226 1071 311 1139 inter
324 1093 396 1138 sese
413 1069 724 1160 oppositasinnasci
745 1071 868 1138 doceat
891 1069 1072 1180 Diogenes.
1123 1070 1279 1158 Namque
1340 1094 1346 1106 ‘

130 1179 242 1240 ae'rem
260 1195 347 1255 esse,
375 1171 437 1255 ait,
465 1181 536 1239 tum
552 1171 763 1240 calidiorem
784 1181 817 1239 et
831 1147 1093 1263 frigidiorem
1118 1181 1190 1240 tum
1208 1173 1278 1240 sic-

130 1296 204 1344 erm
206 1297 259 1345 cm
278 1282 312 1340 et
327 1273 584 1349 humidiorem,
608 1283 680 1342 turn
697 1275 895 1342 incitatiore
918 1283 1015 1342 motu
1039 1276 1220 1366 agitatum
1245 1283 1279 1345 et

128 1375 355 1448 stabiliorem.
407 1377 447 1474 l¹¹
471 1375 523 1442 lris
555 1398 655 1460 vero,
692 1385 731 1444 ut
759 1377 845 1446 infra
876 1377 1174 1460 demonstrabitur,
1206 1400 1278 1464 eae,

129 1503 211 1566 quas
235 1480 346 1568 primo
364 1479 442 1546 loco
464 1478 594 1566 posuit,
619 1487 694 1544 sunt
709 1478 801 1565 quasi
818 1478 1005 1555 cardinales
1027 1479 1113 1552 airis
1133 1479 1278 1565 qualita-

129 1593 189 1662 tes,
216 1582 370 1668 equibus
386 1581 536 1668 pendent
554 1580 712 1666 reliquae.
764 1579 837 1646 Iam
859 1601 962 1667 quum
981 1601 1116 1648 omnem
1133 1581 1278 1650 arrianam

130 1692 247 1751 natura
270 1705 328 1748 sna
351 1681 549 1768 calidiorem
575 1703 651 1748 esse
669 1681 792 1771 fragm.
809 1682 859 1750 vl
879 1681 1065 1765 docuisset,
1092 1683 1278 1764 contraria-

129 1807 203 1852 rum
221 1783 418 1869 qualitatum
439 1783 644 1872 contagione
659 1781 749 1852 hane
771 1785 843 1855 eius
862 1793 1015 1864 naturam
1031 1785 1067 1864 iu
1083 1785 1180 1874 peius
1202 1807 1279 1854 ιιιιι-

130 1887 193 1960 tari
219 1895 329 1975 patet,
356 1884 460 2002 idque
489 1907 530 1952 eo
554 1885 677 1976 magis,
705 1908 773 1972 quo
797 1887 904 1977 magis
927 1886 1113 1955 contrariae
1140 1881 1279 1982 puppii·

130 2013 238 2082 ιηιος
257 1989 306 2055 vis
328 1987 510 2078 genuinum
532 1987 602 2054 eius
623 1977 772 2056 calorem
793 1997 991 2079 superatae
1013 1989 1136 2078 perdit
1164 1990 1280 2074 Quum

129 2090 232 2180 igitur
247 2090 320 2158 duo
340 2090 484 2176 nranime
499 2083 729 2184 ψυχρότητος
750 2113 878 2215 genera
893 2091 973 2174 sint,
1000 2088 1183 2162 alterum‘
1161 2119 1280 2188 oppo-

131 2219 191 2284 neq
216 2193 453 2282 conspicuum,
481 2193 622 2258 alterum
646 2217 768 2284 oruoq
753 2188 923 2290 prinpia
913 2195 981 2260 sire
985 2188 1220 2290 ιιιιιιιιόιητι,
1247 2195 1281 2264 ln

130 2292 252 2362 barum
275 2295 440 2362 eminente
465 2304 498 2360 et
515 2293 696 2384 genuinam
723 2298 825 2364 animi
855 2301 1006 2364 naturam
1030 2296 1229 2362 debilitante
1248 2295 1282 2361 vi

130 2413 264 2464 omnem
285 2396 554 2464 inanimantibus
577 2396 749 2485 pravitatis
771 2407 804 2462 et
828 2397 1042 2462 hebetudinis
1060 2396 1174 2485 posuit
1198 2417 1281 2464 cau·

129 2522 214 2565 sam:
226 2555 228 2558 .
241 2501 336 2588 quod
356 2499 496 2590 quidem
517 2498 628 2587 ipsum
648 2496 796 2564 voluisse
818 2496 951 2565 videtur
972 2497 1181 2568 Placitorutn
1199 2499 1283 2568 scri-

130 2611 219 2691 plor.

235 2765 321 2857 Cap.
342 2762 404 2834 54.
430 2765 661 2854 Sequebatur,
693 2778 731 2834 ut
757 2767 946 2836 animorum
968 2766 1092 2838 variant
1114 2769 1282 2838 conditio·

130 2892 208 2936 nem
235 2869 407 2960 Diogenes
426 2891 489 2959 per
509 2868 641 2959 singula
655 2869 868 2940 animantium
885 2893 1010 2962 genera
1031 2871 1188 2946 uberiore
1202 2873 1281 2940 illu-

131 2981 250 3039 straret
265 2972 490 3062 expositione,
517 2972 552 3038 id
572 2972 824 3056 demonstrans,
851 2996 921 3062 quo
943 2974 1085 3042 modun
1106 2974 1282 3046 nobiliori-

130 3075 193 3143 bus
213 3071 411 3163 hominique
431 3074 647 3164 propioribus
667 3076 711 3142 ad
733 3075 800 3144 ima
825 3085 857 3144 et
872 3077 1092 3147 remotissima
1114 3077 1280 3166 pedeten-

130 3176 191 3244 tim
207 3187 240 3243 et
257 3199 320 3268 per
333 3176 459 3268 gradus
476 3177 729 3245 descenderent.
780 3181 899 3268 Neque
911 3180 1020 3246 solnm
1035 3180 1070 3245 in
1084 3178 1283 3246 animalibus

131 3279 237 3370 vulgo
256 3278 391 3347 creditis
413 3277 572 3361 substitit,
599 3278 658 3346 sed
681 3281 716 3346 in
729 3279 810 3368 ipsis
827 3281 925 3354 etiam
941 3281 1085 3349 metallis
1100 3295 1134 3348 et
1156 3280 1283 3372 lapidi-

130 3381 194 3448 bus
219 3389 368 3449 extrema
391 3390 492 3470 atque
515 3381 658 3448 obscura
680 3381 768 3448 ritae
791 3388 823 3448 et
844 3375 996 3477 νοήσεως
1010 3382 1152 3474 vestigia
1168 3405 1284 3473 perse-

130 3485 306 3572 quebatur.
343 3483 414 3552 Sed
429 3506 545 3572 quum,
572 3504 619 3566 ex,
632 3481 701 3550 eius
715 3483 873 3573 opinione
888 3484 1005 3574 spiritu
1020 3485 1123 3552 ducto
1139 3485 1284 3554 animam

130 3586 164 3651 in
188 3608 334 3677 corpore
361 3587 457 3669 oriri,
483 3596 555 3653 tum
585 3606 665 3652 vero
691 3586 881 3669 sustentari,
914 3586 1047 3676 saepius
1071 3586 1200 3656 dictum
1227 3589 1286 3667 sit}
1392 3589 1397 3598 ’

132 3710 215 3778 prae
236 3689 389 3756 omnibus
414 3690 444 3757 ei
467 3687 767 3757 demonstrandum
787 3698 875 3772 erat,
910 3713 951 3756 ea
971 3713 1109 3779 quoque
1130 3691 1287 3758 animalia

132 3791 282 3878 spiritum
300 3791 443 3872 ducere,
469 3791 531 3858 illo
548 3812 636 3878 qnae
658 3812 773 3859 carere
790 3791 990 3860 viderentur.
1043 3794 1097 3861 Ex
1112 3817 1153 3862 eo
1171 3802 1285 3861 autern

133 3892 231 3974 loco,
258 3893 317 3960 ubi
332 3891 401 3962 hoc
416 3895 552 3984 agebat,
578 3892 622 3960 ab
644 3892 826 3963 Aristotele
848 3897 1052 3986 accepimus,
1078 3918 1146 3983 qua
1160 3893 1287 3961 ratione

127 3995 248 4086 pisces
262 4003 295 4061 et
313 4001 460 4079 ostreas,
486 3994 637 4083 quamvis
652 4017 740 4082 aqna
754 3997 968 4088 obtegantur,
994 3996 1158 4086 respirare
1175 4004 1287 4062 tamen

134 4095 367 4164 existimaverit
387 4096 576 4190 Diogenes,
612 4119 716 4184 quum
737 4099 802 4190 ipsi
824 4099 995 4168 Aristoteli
1015 4097 1103 4166 haee
1130 4097 1287 4166 animalia

135 4201 226 4267 omni
242 4199 461 4289 respiratione
475 4221 594 4267 vacare
608 4198 808 4292 uiderentur.
860 4200 913 4270 De
935 4199 1051 4290 respir.
1069 4199 1103 4265 2.
1122 4194 1284 4282 Ἀναξα-

134 4296 244 4398 γόρας
270 4303 308 4376 δὲ
339 4301 399 4373 καὶ
421 4301 597 4398 Διογέιηι
620 4293 741 4376 adura
769 4305 908 4394 (supple
929 4323 970 4369 ex
990 4310 1097 4371 anteo.
1119 4295 1168 4376 ια’
1195 4301 1284 4394 lou)
