2942 4996
549 453 655 533 cars
671 459 722 524 ra.
744 459 796 524 ιι.
1174 544 1179 552 ¹
1207 467 1249 560 ιι

99 626 281 700 ιὶιιιιιιὶι
302 627 370 698 ium
390 627 544 722 cognitas
560 636 597 698 et
614 626 799 700 intellectas
819 627 920 699 fuine
935 646 1069 717 omnes,
1092 632 1248 710 licetne*

99 731 245 803 cessario
265 732 417 821 quodam
436 732 570 802 mento
597 733 756 802 materiae
778 731 972 802 viderentur
991 727 1148 809 annexae.
1166 741 1168 746 '
1189 740 1248 808 ln-

98 843 202 903 venta
222 836 311 902 enim
333 844 405 904 erat
429 843 546 904 natura
565 834 779 906 subtilissime
802 834 953 904 omnium
975 858 1016 906 ac
1032 835 1247 928 pr'aestantlsw·

98 937 203 1022 sima,
228 939 363 1028 uigens,
396 938 509 1006 omnia
539 945 737 1027 penetrans,
761 936 875 1006 omnia
901 943 1055 1026 mouens,
1081 942 1246 1027 validissi7

97 1062 175 1126 ma,
201 1040 371 1131 cogitans,
397 1040 553 1127 audiens,
578 1039 728 1108 sentiens
839 1111 840 1116 ,
950 1067 952 1072 ·
1086 1065 1096 1074 *s
1240 1096 1244 1102 ,

206 1173 291 1265 Cap.
318 1171 379 1244 14.
430 1173 484 1243 Re
509 1195 590 1242 vero
617 1196 658 1242 eo
678 1196 876 1267 progressa,
902 1175 947 1242 ab
967 1175 1071 1243 altera
1089 1178 1247 1268 parte—ld

97 1274 208 1344 solum
233 1276 397 1360 restabat,
421 1285 459 1344 nt
485 1276 750 1346 demonstrarent
773 1275 990 1368 philosophi,
1016 1281 1191 1368 quomodo
1212 1282 1273 1350 in·

98 1377 239 1469 singulis
264 1379 364 1446 etiam
390 1380 490 1448 rebus
515 1381 657 1472 egregia
689 1390 723 1448 et
755 1381 920 1448 excellens
945 1382 1062 1448 mentis
1086 1382 1188 1451 virtus
1214 1383 1269 1452 et'

99 1480 254 1550 efficacia
286 1490 484 1573 appareret3
523 1483 568 1550 ab
591 1483 699 1572 altera
724 1491 837 1550 antem
862 1490 960 1573 parte
985 1483 1114 1551 nonnisi
1138 1505 1247 1574 parvo

97 1591 271 1651 momento
298 1605 384 1673 opus
410 1593 498 1674 erat,
524 1593 562 1652 nt
585 1584 839 1676 intelligeretur,
865 1592 991 1651 tantam
1016 1593 1155 1672 tamque
1179 1587 1248 1652 late

94 1679 269 1774 patentem
295 1686 362 1753 vim
387 1686 493 1778 longe
518 1679 794 1776 praestantiorem
820 1687 910 1772 esse,
935 1685 1038 1773 quam
1062 1709 1151 1774 quae
1173 1689 1247 1755 tor·-

96 1793 203 1875 pente
228 1795 261 1852 et
285 1795 419 1854 mortua
443 1787 540 1875 quasi
565 1788 724 1854 materiae
748 1786 842 1854 mole
862 1785 1023 1856 contineri
1043 1797 1177 1877 posset.¹
1191 1789 1247 1856 Ex

97 1885 153 1953 his
179 1895 290 1954 autem
318 1887 451 1956 duobus
477 1888 560 1957 locis
585 1887 678 1975 quod
704 1885 748 1955 ad
774 1889 921 1978 primum
949 1889 1077 1973 attinet,
1112 1889 1247 1981 Dioge-

97 2011 176 2056 nem
190 1986 432 2079 Apolloniaten
455 1989 490 2056 in
517 2011 558 2057 eo
585 1989 719 2057 uberius
742 1989 980 2080 persequendo
1005 1990 1158 2058 videmus
1183 2003 1246 2062 oc-

98 2097 279 2181 cupatum:
302 2091 444 2170 altemm
469 2100 585 2184 contra
609 2091 829 2183 Anaxagoras
855 2091 918 2158 sibi
934 2092 1122 2164 vindicavit.
1148 2095 1245 2162 'Nam

97 2215 202 2282 quum
224 2195 447 2284 ’Anaxagoras
478 2194 513 2260 in
543 2193 824 2284 philosophando
857 2203 974 2282 aperte
999 2194 1043 2262 ab
1075 2194 1245 2264 homoeo-

97 2296 211 2362 meriis
238 2297 360 2384 exiret,
386 2295 480 2386 quod
506 2317 672 2364 summum
700 2304 735 2364 et
757 2295 952 2384 primarium
978 2296 1047 2363 eins
1072 2297 1246 2366 (leoninae
1299 2293 1333 2328 ’·

97 2396 178 2476 fuit3
209 2397 277 2468 hac
308 2398 383 2488 ipsa
408 2415 445 2466 re
471 2399 657 2467 necessario
691 2397 857 2474 adductus
883 2407 949 2481 est,
988 2408 1028 2464 ut
1052 2408 1198 2466 mentem
1225 2421 1246 2466 a

99 2491 266 2588 corporea
290 2511 408 2569 natura
433 2509 616 2571 sevocaret.
669 2499 801 2581 Quodsi
827 2499 915 2564 enim
941 2506 1099 2580 mentem,
1125 2507 1163 2565 nt
1185 2499 1246 2569 ce-

98 2601 160 2668 teri
185 2611 262 2670 ante
289 2625 365 2670 eum
390 2600 595 2692 philosophi
621 2621 755 2686 omnes,
781 2622 801 2667 e
827 2598 965 2664 materia
991 2621 1050 2664 sua
1073 2599 1096 2666 i.
1121 2599 1245 2667 eslro-

98 2706 380 2772 moeomeriarum
406 2704 588 2792 complexu
615 2701 763 2768 condere
795 2699 972 2780 voluisset,
1005 2719 1049 2766 ne
1074 2701 1246 2768 subtilissi-

97 2827 189 2872 mam
214 2805 365 2894 quidem‚
391 2804 530 2894 dequo
557 2823 672 2870 omnes
698 2812 769 2868 tum
795 2800 1054 2887 consentiebant,
1080 2823 1153 2870 eam
1180 2823 1246 2892 ap-

96 2906 229 2996 pellare
254 2906 435 2995 potuisset,
472 2927 596 2992 quum,
632 2903 790 2970 simodo
816 2925 858 2970 ex
890 2901 1173 2987 homoeomeriis5
1204 2925 1246 2972 ex

98 3007 254 3076 omnibns
278 3015 347 3074 tam
374 3006 579 3076 crassissimis
605 3028 707 3094 qnam
733 3005 948 3074 subtilissimis
972 3007 1073 3074 rebus
1098 3011 1246 3096 compo-

98 3109 159 3176 sita
184 3108 318 3192 fuisset,
344 3109 509 3198 siquidem
535 3131 577 3176 ex
603 3111 673 3184 elus
688 3108 848 3176 sententia
865 3106 941 3179 noio
954 3116 1040 3176 esset
1056 3112 1094 3180 ἐν
1113 3107 1226 3180 παντί
1230 3134 1245 3200 3

97 3232 207 3300 neque
234 3234 281 3290 ¹ea
315 3214 470 3280 omnibus
501 3210 605 3302 potiri
630 3213 793 3300 potuisset
816 3209 935 3292 rebus,
971 3210 998 3276 si
1025 3211 1253 3278 ex'omnilnrs'

97 3315 169 3404 ipsa
200 3314 418 3398 constitisset,
453 3335 572 3404 quum·
590 3313 730 3380 eaedem
763 3333 817 3378 res
846 3311 941 3400 ipsae
964 3309 998 3376 in
1025 3320 1129 3378 semet
1156 3311 1245 3401 ipsas

96 3416 276 3508 imperium
309 3438 464 3487 exercere
495 3423 663 3503 nequeant
688 3408 731 3504 1).
764 3451 818 3465 -
867 3411 950 3480 Hac
972 3420 1084 3478 antem
1115 3411 1261 3484 ratione·

166 3721 197 3788 1)
220 3722 263 3776 Re
285 3735 349 3774 vera
365 3719 552 3788 Anaxagoram
575 3714 628 3770 hac
649 3711 751 3770 ratione
775 3711 809 3768 orl
831 3727 907 3768 mem
928 3709 961 3766 de
983 3716 1071 3767 mente
1091 3679 1244 3770 senteutiam

98 3790 261 3857 pervenisse,
284 3789 458 3858 liquidissimo
475 3791 584 3854 apparet
600 3803 631 3838 ex
648 3783 824 3855 argumentis,
847 3783 942 3850 quihus
959 3789 1071 3838 mentem
1088 3801 1135 3852 per
1151 3800 1244 3837 cccx-

98 3859 189 3909 sirtere
205 3859 383 3912 demonstrare
400 3861 510 3910 conatur
526 3856 560 3908 lr.
578 3853 611 3916 8,
637 3856 682 3920 qni
706 3855 780 3906 locus
802 3853 842 3905 ita
865 3846 933 3903 milri
953 3849 1099 3920 iungendos
1116 3859 1144 3906 et·
1160 3849 1244 3916 expll-
1339 3856 1343 3863 '

98 3924 196 3977 eandm
213 3926 329 3980 videtum
347 3927 373 3980 rt
387 3925 426 3995 μή
445 3923 499 3996 puio
517 3919 569 3992 ἐφ’
586 3920 696 3977 ἑωυτοῦ
713 3916 758 3990 ἦν,
775 3913 846 3976 oillei
862 3938 915 3988 τιφ
932 3915 1060 3986 intutum
1078 3918 1161 3990 ἄλλῳ,
1180 3935 1245 3984 μιτ-

98 3999 168 4062 sixto
186 3983 222 4046 riv
240 3987 370 4048 ἁπάντων
387 3991 553 4064 χρημάτων,
578 3991 606 4048 εἰ
623 3987 754 4060 inspuunt
770 4004 889 4076 usm'-
908 3985 938 4042 ἐν
954 3987 1037 4044 novel
1059 3985 1113 4072 peip
1138 3983 1245 4069 uuordo

97 4067 187 4131 μοῖρα
205 4059 325 4126 ἔνεστιν,
353 4057 441 4130 ὥσπερ
464 4060 495 4117 ἐν
519 4065 579 4124 τοῖς
601 4060 730 4128 πρόσθεν
750 4077 800 4125 μοι
818 4060 954 4112 tetrum·
973 4086 1005 4096 —
1024 4059 1070 4110 aul
1090 4057 1244 4114 assumtum

98 4127 182 4198 (ovo)
200 4127 289 4185 αὐτὸν
305 4128 340 4184 τὰ
358 4129 575 4218 σνμμιμιγμένα,
601 4126 670 4184 ὥστε
694 4123 816 4198 μηδενός
838 4125 979 4196 χρήματος
1002 4129 1113 4191 κρατεῖν
1131 4118 1244 4206 ὁμοίοις,

100 4194 137 4263 uic
154 4199 203 4255 acl
227 4197 318 4268 μόνον
336 4195 419 4252 ἐόντα
442 4197 479 4266 ἐφ
515 4198 632 4255 ἑαυτοῦ.
666 4193 746 4253 Ἐστι
767 4192 821 4264 γὰρ
845 4191 1015 4251 λεπτότατον
1032 4197 1082 4246 oet.
1108 4190 1136 4242 lr.
1154 4205 1184 4272 e..
1194 4188 1245 4242 ursi

98 4267 167 4322 cuim
184 4285 258 4322 mens
274 4286 322 4336 per
338 4285 367 4319 ιο
382 4268 438 4318 nula
454 4273 536 4333 unct,
553 4269 598 4321 sud
615 4266 698 4320 mixta
713 4263 794 4320 elicui
809 4261 858 4329 rei,
876 4261 993 4316 omnium
1010 4273 1098 4340 rerum
1115 4264 1246 4340 partrcepu

99 4341 181 4402 eset,
207 4337 229 4389 si
249 4339 295 4390 vel
317 4335 362 4388 uni
387 4333 467 4388 alicui
489 4335 573 4388 mixta
590 4341 669 4389 metz
694 4363 727 4375 ·—
754 4334 783 4386 ln
799 4331 892 4400 quavis
908 4328 979 4381 cnlur
996 4343 1026 4378 re
1047 4341 1162 4410 purorum
1177 4326 1247 4380 inest

99 4421 174 4475 pun,
197 4413 228 4460 ut
251 4421 331 4474 supra
346 4406 553 4459 remuneratum
568 4409 623 4458 asta
637 4432 673 4446 -
689 4409 717 4458 ot
733 4399 888 4472 impedirent
904 4411 966 4450 cnm
988 4395 1119 4466 admixta,
1140 4395 1244 4465 queml

149 4511 309 4559 uroarms.
994 4484 1020 4556 2
