2942 4996
591 427 799 500 offam.
1253 441 1277 506 a

2 623 4 677 i
92 593 304 696 'iinornD
321 601 531 696 Diogenem
554 602 780 694 Anaxagorae
802 601 955 674 iunctum
978 602 1081 674 fnisse
1106 611 1142 674 et
1165 603 1276 680 colle·
1327 593 1331 602 ⁸

32 759 38 770 .
121 724 225 799 gam,
250 705 391 778 disertis⁴
404 706 517 776 verbis
541 705 640 792 dicit,
664 705 814 794 itemque
826 705 1064 800 Augustinus
1084 701 1119 795 2)
1145 716 1276 778 utrum-

26 825 30 841 ·
120 831 210 898 qne,
236 817 270 878 et
292 809 484 900 Diogenem
510 815 546 876 et
568 808 830 899 Anaxagoram,
861 807 1075 878 Anaximenis
1100 808 1182 878 iacit
1210 833 1275 879 au-

2 965 4 975 ,
121 911 288 980 ditorem:
328 911 378 978 iiii
411 910 514 980 etiam
544 918 716 994 veterum,
748 910 807 999 qui
830 911 1056 1002 Anaxagorae
1081 909 1275 1003 Diogenem

119 1022 233 1084 aetate
258 1021 482 1105 postponant,
508 1012 580 1082 hoc
605 1021 696 1080 certe
721 1034 789 1080 non
814 1012 1009 1097 sciuerunt,
1034 1021 1073 1080 ut
1097 1034 1176 1081 enm
1200 1023 1273 1084 tum

119 1115 262 1184 demum
285 1114 443 1184 'exstitisse
468 1113 629 1201 dicerent,
654 1136 760 1202 quum
786 1113 916 1183 dudum
934 1116 1154 1207 Anaxagoras
1178 1138 1274 1184 mor-

119 1226 205 1308 tuus·
223 1225 327 1300 esset,
362 1216 422 1286 sed
449 1216 626 1308 superstite
652 1237 693 1284 eo
721 1226 755 1285 et
778 1217 931 1286 florenta.
982 1217 1070 1286 Nam
1095 1239 1201 1306 quum
1222 1219 1272 1286 'ab

120 1320 277 1390 omnibus
301 1319 475 1411 Diogenes
499 1319 534 1386 in
559 1317 796 1410 physicorum,
834 1340 920 1408 qnos
952 1327 1094 1404 vocant,
1129 1338 1272 1388 numero

26 1442 31 1458 ·
119 1419 305 1507 habeatur,
339 1422 483 1510 quorum
515 1419 633 1505 series,
667 1444 770 1509 quam
800 1420 854 1508 isti
886 1421 1066 1512 scriptores
1095 1427 1226 1508 tenent,
1250 1443 1273 1489 a

35 1595 40 1612 ,
119 1524 253 1594 nemine
283 1525 372 1592 ultra
397 1523 546 1593 Socratis
578 1530 722 1591 aetatem
754 1522 924 1617 producta
948 1530 1016 1602 est;
1050 1520 1161 1602 nullus
1185 1541 1272 1611 pro·-

1 1673 26 1716 λ.
120 1627 213 1698 fecto
238 1626 363 1694 horum
385 1626 552 1708 omnium,
580 1647 665 1713 qnos
688 1625 794 1694 modo
823 1623 1027 1716 significavi,
1054 1621 1092 1688 id
1120 1621 1184 1688 sibi
1207 1643 1272 1690 vo-

120 1727 203 1810 luit,
226 1737 264 1794 ut
283 1737 363 1819 post
382 1728 558 1798 Socratem
577 1748 655 1794 eum
676 1725 777 1794 fuisse
801 1723 1028 1794 contenderet.
1070 1721 1144 1790 lam
1163 1745 1271 1812 quum

119 1827 279 1898 Socrates
300 1836 395 1895 natus
419 1828 461 1894 sit
484 1825 561 1893 469
583 1848 613 1891 a.
638 1824 721 1894 Chr.
746 1848 797 1908 n,
824 1825 1045 1913 Anaxagoras
1068 1846 1151 1891 vero
1175 1846 1272 1892 mor-

17 1958 22 1973 ·
119 1937 197 2000 tuus
218 1927 296 1996 428
309 1924 362 2019 ³),
387 1928 435 1995 ita
456 1936 494 1996 ut
514 1926 578 1993 hos
594 1917 731 2014 quoq‘ue
748 1925 905 2012 aequales
926 1947 998 1991 esse
1016 1923 1163 1993 eluceat:
1188 1947 1272 1996 vere

118 2030 337 2118 omniumque
357 2050 518 2099 consensu
541 2048 561 2094 a
583 2027 740 2118 Diogene
761 2026 898 2094 Lae'rtio
926 2025 1086 2093 traditum
1110 2049 1183 2098 esse
1203 2050 1272 2116 pa-

115 2140 183 2217 tet,
207 2131 448 2224 ApoDoniaten
470 2129 661 2220 Diogenem
686 2128 787 2196 fuisse
804 2129 1031 2218 Anaxagorae
1049 2129 1271 2218 temporibus.

1 2296 26 2317 ,,
116 2235 260 2306 Sacrata
283 2234 371 2302 enirn
393 2233 504 2301 minor
521 2231 641 2299 haberi
657 2230 802 2318 nequit,.
815 2238 853 2298 ut
870 2228 1133 2300 demonstratum
1157 2239 1218 2300 est.

15 2405 24 2418 -
210 2351 311 2443 (inp.
338 2351 374 2436 3.
426 2350 531 2436 Quod
562 2373 667 2438 quum
696 2349 742 2416 ita
772 2350 831 2430 sit,
870 2348 971 2416 facilc
1001 2347 1080 2428 erit,
1118 2343 1268 2416 refutare

0 2496 2 2513 ν
114 2453 349 2547 Monuginm,
375 2454 433 2542 qui
449 2453 686 2546 Smyrnaeum
700 2449 870 2537 quendam
887 2449 1112 2528 marmenem,
1137 2448 1268 2540 ipsum}

0 2608 7 2640 p
115 2579 183 2646 que
213 2558 294 2624 alias
314 2556 519 2648 Diogenem
548 2562 794 2642 nuncupatum,
828 2546 1174 2637 qaem'naaxarchos
1205 2571 1269 2637 au-

3 2712 11 2739 ,.
114 2658 213 2728 diisse
234 2668 404 2740 narratur,
432 2679 501 2724 non
523 2655 644 2735 alium,
675 2675 778 2739 quam
804 2651 963 2717 Nostrum
988 2648 1088 2717 fuisse
1104 2650 1267 2738 'suspica-

2 2822 9 2843 q
112 2757 230 2852 tnr4).
278 2762 369 2828 Nam
391 2780 497 2847 quum
523 2756 696 2846 Diogenes
717 2752 777 2819 ille
792 2751 1001 2842 Smyrnaeus
1023 2749 1068 2818 ab
1088 2749 1161 2817 aliis
1180 2752 1268 2822 Nes·

114 2951 325 2968 μ*

181 3057 216 3130 1)
232 3057 290 3125 XV,
307 3056 342 3113 89
358 3072 393 3110 ar.
411 3054 529 3121 erartna
545 3052 717 3119 Anaxagoras
734 3045 877 3102 Thaletica
894 3045 1020 3116 dogmata
1036 3049 1142 3101 servata

412 3123 464 3176 Sed
483 3120 600 3174 divinum
618 3120 739 3171 animum
755 3117 841 3179 sentit,
858 3113 905 3182 qui
920 3113 1013 3167 iecerit
1029 3115 1131 3171 orbem.

412 3192 502 3246 Iunior
518 3192 577 3243 Anio
594 3190 698 3240 iunctm
713 3186 809 3238 residet
825 3185 943 3252 collega,
966 3182 1011 3235 aed
1028 3181 1099 3236 idem

408 3259 551 3314 Materiam
567 3255 668 3309 eunctis
684 3253 811 3307 creaturis
828 3255 891 3305 arira
907 3252 1014 3303 eradens
1177 3257 1179 3264 ’
1214 3287 1215 3294 ,

410 3328 513 3381 indicat
529 3327 589 3379 inde
606 3326 698 3392 deum,
715 3324 814 3374 iaceret
829 3335 882 3385 qno
899 3325 1001 3382 cuncta,
1019 3317 1118 3370 tulino.
1137 3319 1187 3370 cat.
1251 3338 1258 3354 ε

110 3399 182 3456 Nam
198 3395 232 3453 do
247 3395 367 3468 Diogene
384 3396 549 3465 Apolloniuto
565 3391 702 3444 Sidonium
719 3388 807 3454 loqui,
824 3387 869 3438 rix
885 3383 1000 3437 dubitari
1018 3389 1108 3450 potest.
1126 3385 1199 3435 caua
1236 3397 1267 3463 ng

110 3477 202 3524 antem
218 3473 394 3534 Anaxagorae
409 3481 471 3518 cum
487 3461 622 3529 appellat,
647 3459 757 3509 eundern
779 3455 852 3508 lrand
875 3453 967 3515 dubie,
996 3467 1076 3516 quarn
1092 3452 1195 3518 August
1224 3467 1264 3516 aa,

110 3537 241 3592 rationem
256 3536 417 3604 ampiaotons
433 3538 461 3587 et
476 3537 618 3596 utrumqne
634 3523 802 3578 Anaximenis
818 3518 955 3586 disciplina
972 3535 1049 3570 usum
1067 3524 1168 3584 putans.

179 3653 212 3722 2)
229 3654 255 3709 d.
271 3651 322 3706 cir.
339 3651 389 3704 Dei
406 3647 433 3713 8,
449 3649 476 3700 2.
510 3644 660 3714 „Diogenes
676 3656 794 3708 quoqne,
811 3633 980 3692 Anaximenia
997 3634 1065 3717 aitcp
1080 3633 1199 3698 auditor,
1217 3635 1263 3688 οό-

109 3739 168 3778 m
184 3723 291 3790 quidem
306 3719 371 3772 dixit
385 3735 474 3772 rarum
491 3731 549 3770 aare
564 3711 704 3766 materiam
721 3716 771 3761 cat.
781 3709 800 3738 ‘⁶
834 3706 956 3780 Altnrurrr¹
975 3703 1142 3756 Anaximene
1159 3703 1264 3758 auditu-

108 3807 169 3848 m
184 3793 374 3860 Anaxagoram
388 3787 500 3841 dixerat.
531 3831 534 3836 A

181 3901 385 3976 &maincia
401 3905 522 3972 Anaxagt
538 3916 566 3968 p.
582 3897 610 3952 Ἃ.
628 3895 689 3950 coli.
706 3911 733 3963 p.
750 3891 796 3948 53.

181 4021 215 4092 4)
232 4023 353 4090 Mmgii
369 4027 431 4076 neh
447 4020 481 4074 ad
497 4017 579 4086 Diog.
595 4013 627 4068 In
644 4013 697 4078 Di,
714 4009 759 4065 58.
785 4004 968 4078 Ἀνάξαρχος,
983 4001 1151 4084 Ἀβδηρίτης.
1177 3987 1262 4064 naiton

111 4090 246 4163 διήκουσε
262 4089 434 4156 Arouiaooa,
451 4089 504 4143 anai
522 4083 690 4154 Σμυρναίου
707 4086 757 4134 cot.
775 4080 844 4132 hacc
858 4085 898 4130 eat
914 4094 940 4144 p.
958 4073 1031 4158 ἥδε,
1045 4073 1176 4154 „Commo
1192 4073 1269 4152 5¹⁶⁰*

111 4163 220 4234 ydrons.
246 4158 342 4212 rrnn.
359 4157 392 4210 do
410 4173 499 4223 praep.
517 4172 559 4208 ov·
577 4153 654 4213 ΧΝ,
672 4147 715 4204 lt.
750 4141 938 4216 Ξενοφάνους
960 4140 991 4197 di
1013 4153 1152 4222 uaoaqrqc
1168 4152 1261 4219 pepone

113 4230 309 4302 Παρμενίδης,
326 4223 431 4280 τούτου
449 4224 600 4283 Mttaoooa·
626 4209 665 4274 od
685 4213 799 4286 Ζήνων,
819 4207 855 4272 od
872 4209 1047 4273 Arduennae,
1065 4223 1099 4258 ου
1117 4208 1260 4271 Δημοιοι·
1384 4219 1393 4228 ·

112 4319 177 4365 aaa,
194 4291 230 4354 nri
246 4301 332 4364 uso:
369 4292 438 4363 ὁρας
453 4290 502 4344 aad
520 4290 645 4353 Nasonis,
663 4278 700 4343 ari
717 4281 868 4360 Διογξοηο,
886 4271 924 4335 cai
936 4275 1107 4356 ᾍοάξαοχος.
1127 4273 1259 4342 Dpiphon.

114 4370 177 4426 adr.
192 4314 367 4424 Raudii
392 4356 529 4428 Ambus
546 4353 568 4415 ὅ
582 4357 760 4427 Σμοοοοῒοὲ,
783 4349 856 4410 said
874 4346 906 4404 di
921 4362 1001 4502 saraia
1012 4345 1198 4484 diremtos,
1222 4339 1259 4398 rai
