2966 4990
228 409 292 473 llo
670 391 774 462 0¹thss
795 385 846 464 bs.
869 399 921 464 oo.

229 563 347 665 „hoo“
378 573 436 642 rel
471 575 590 640 aerem
616 567 672 638 rel
704 571 812 638 solem
830 567 972 658 potius)
1013 563 1160 657 spiritus
1191 571 1227 632 et
1257 575 1381 635 uentos

232 675 430 747 exhibuisse
455 682 490 742 et
513 673 689 741 versiones
708 673 782 740 eius
797 664 996 763 socerel),
1022 667 1182 735 uidelicet
1208 675 1266 734 rut
1292 670 1380 734 aeris

221 787 292 847 ¹aut
331 777 421 845 solis.
496 775 614 843 Huius
648 795 732 842 vero
766 772 984 865 praedictae
1023 768 1194 858 opinionis
1224 767 1380 858 suerunt

232 874 507 948 Anaeimander
541 883 575 943 et
599 875 841 967 Diogenes.“‘
875 873 954 940 ‘Sed
987 890 1115 960 operae
1145 871 1294 960 pretium
1325 871 1379 939 vi·-

232 977 351 1060 detur,
384 979 569 1046 accuratius
593 977 762 1064 inquirere
786 976 821 1041 in
844 983 951 1041 totam
976 971 1067 1039 lianc
1090 992 1174 1038 rem.
1244 1041 1248 1047 ,

231 1087 235 1110 “’
334 1078 421 1169 Cap.
448 1077 510 1146 69.
569 1078 733 1146 Videmus
767 1083 881 1143 autem
914 1075 948 1140 in
973 1073 1027 1141 his
1052 1093 1128 1138 eam
1154 1093 1265 1139 rerum
1292 1093 1377 1140 con·
1458 1073 1459 1158 t

232 1181 394 1270 ditionem
421 1180 526 1270 oculis
549 1179 668 1247 uostris
693 1179 924 1268 propositam,
950 1174 1087 1260 qualem
1103 1174 1176 1244 fere
1201 1182 1280 1262 post
1303 1177 1379 1263 pri·
1458 1169 1459 1262 l

232 1304 328 1351 mum
358 1283 519 1349 materiae
548 1289 680 1349 motum
712 1280 813 1346 fuisse
839 1299 881 1344 ex
916 1275 1065 1344 Eusebio
1099 1283 1238 1343 constat.
1291 1274 1378 1343 Gol—
1458 1271 1459 1300 ³

232 1384 323 1454 lecta
348 1391 398 1450 est
429 1381 521 1449 rudis
552 1390 662 1449 terrae
697 1378 898 1449 condendae
930 1378 1070 1444 materia
1105 1377 1195 1445 circa
1228 1375 1377 1444 mediam

232 1492 365 1575 partem
391 1482 529 1565 mundi,
554 1482 704 1570 itemque
728 1481 857 1550 leviora
881 1500 1007 1546 sursum
1035 1477 1124 1545 elata
1147 1476 1225 1544 solis
1250 1477 1378 1572 molem
1458 1515 1459 1528 κ

233 1587 491 1667 constituerunt,
517 1605 626 1671 aeque
652 1605 728 1652 eam
753 1581 959 1651 inconditam
984 1579 1100 1648 adhuc
1125 1587 1160 1646 et
1184 1577 1314 1662 rudem,
1340 1588 1378 1650 ut

232 1686 383 1774 videtur,
419 1708 459 1754 ac
483 1693 616 1780 terram.
685 1685 809 1774 lugens
835 1684 924 1750 enim
949 1680 1082 1748 humidi
1109 1679 1196 1747 aeris
1226 1680 1276 1747 vis
1308 1702 1377 1747 non

233 1789 343 1876 solum
368 1787 555 1856 universum
589 1794 698 1854 terrae
731 1785 894 1853 ambitum
927 1782 1218 1878 complectebatur
1250 1773 1378 1850 sicina-
1458 1871 1459 1874 Ἴ

232 1909 301 1976 que
325 1887 404 1958 loca
430 1887 619 1966 obtinebat;
658 1887 720 1954 sed
751 1888 849 1975 ipsae
883 1887 984 1952 etiam
1009 1893 1159 1951 terrenae
1190 1883 1377 1972 particulae
1458 1893 1459 1906 ¹

233 1988 341 2056 multo
367 1988 517 2074 undique
549 1987 695 2054 humore
727 1989 850 2054 mixtae
883 1993 976 2053 erant
1001 2006 1042 2053 ac
1066 1984 1235 2075 perfusae.
1293 1985 1379 2051 Erat

232 2087 336 2180 igitur
362 2110 404 2156 eo
428 2095 584 2176 tempore
607 2094 698 2154 terra
721 2089 841 2155 limosa
866 2085 1035 2174 quaedam
1060 2095 1094 2152 et
1109 2084 1260 2152 informis
1284 2107 1377 2152 mas-

232 2211 291 2267 sa,
327 2189 388 2256 serl
413 2189 555 2256 mollitie
580 2210 639 2255 sua
671 2188 716 2254 ad
742 2210 977 2276 quameunque
1002 2188 1147 2254 formam
1171 2187 1378 2254 induendam

232 2289 374 2368 idonea3
414 2311 494 2356 mox
527 2299 640 2356 tamen
665 2289 849 2358 accedente
881 2290 960 2356 solis
985 2289 1101 2358 calore
1125 2287 1226 2355 nimia
1249 2287 1377 2356 humo·
1456 2307 1459 2326 ⁴

233 2412 310 2458 rum
339 2389 551 2458 multitudiue
581 2389 723 2457 liberata
756 2400 856 2478 atque
888 2391 935 2456 ad
965 2398 1092 2459 certam
1120 2389 1265 2481 figuram
1291 2411 1378 2457 con·

231 2492 379 2559 formatu
402 2497 460 2558 est.
517 2490 700 2578 Utcunque
733 2493 823 2558 enim
857 2492 936 2558 solis
970 2491 1072 2580 ipsius
1096 2491 1145 2557 vis
1171 2490 1285 2558 adhuc
1308 2491 1377 2558 im-
1458 2509 1459 2512 ’

232 2592 351 2682 perlita
372 2592 472 2659 fuerit
496 2601 530 2659 et
554 2592 679 2681 fracta,
710 2600 840 2661 tantum
864 2600 977 2660 tamen
1011 2593 1121 2660 exiens
1146 2591 1289 2682 abipso
1315 2614 1376 2661 ca·
1458 2591 1459 2600 ³

232 2693 287 2760 lor
312 2693 467 2784 invaluit,
506 2701 544 2759 ut
575 2691 774 2779 humorum,
813 2703 922 2761 terrae
964 2692 1244 2777 incumbentium,
1282 2713 1375 2781 pars,

234 2795 305 2862 eius
331 2814 438 2881 opera
463 2802 640 2860 extenuata
664 2793 843 2882 paullatim
868 2817 910 2863 ac
936 2792 1029 2878 fusa,
1059 2794 1106 2859 ad
1131 2795 1265 2862 coelum
1291 2793 1376 2861 sub—

231 2890 331 2958 limis
346 2893 506 2974 ferretur,
540 2914 619 2982 pars
644 2895 728 2962 aeris
754 2895 936 2963 adderetur
960 2895 1170 2982 complexui,
1206 2917 1285 2985 pars
1309 2893 1377 2961 de-

232 2993 353 3079 nique,
387 3013 475 3078 quae
499 2992 688 3080 liquefactis
713 3003 748 3062 et
778 2996 916 3062 sublatis
946 2993 1171 3063 subtilioribus
1202 2995 1376 3086 particulis

231 3099 437 3176 remaneret,
483 3091 518 3159 in
545 3093 710 3162 excavatis
734 3104 842 3163 terrae
867 3097 951 3165 locis
976 3096 1194 3185 colligeretur
1223 3096 1375 3184 marique

230 3192 413 3288 praeberet
438 3193 621 3284 originem,
648 3195 739 3264 cuius
765 3183 887 3264 salsum
912 3204 1014 3284 atque
1039 3219 1190 3264 amarum
1215 3217 1374 3287 saporem
1458 3227 1459 3248 ¹

231 3315 273 3363 ex
305 3293 513 3390 spissitudine
546 3294 712 3379 humoris,
752 3298 828 3384 qui,
869 3297 1000 3365 eductis
1031 3299 1236 3367 tenuioribus
1263 3299 1374 3385 iisque

231 3396 388 3465 dulcibus
424 3397 614 3485 particulis,
645 3398 901 3483 relinqueretur,
937 3398 1113 3466 derivabat
1136 3400 1307 3489 Diogenes
1324 3395 1374 3490 2).

230 3495 303 3584 (cf.
333 3517 408 3585 cap.
435 3496 513 3586 6⁰.)
585 3497 683 3581 Quae
709 3499 791 3565 dum
815 3499 918 3585 liunt,
950 3487 1076 3567 certam
1108 3499 1206 3567 simul
1236 3509 1373 3567 terrena

229 3615 338 3673 massa
368 3596 514 3686 figuram
548 3599 770 3686 stabilemque
802 3600 993 3666 firmitatem
1023 3601 1235 3671 nanciscitur:
1272 3599 1372 3689 quod

231 3695 322 3765 clare
348 3698 542 3783 apparebit,
578 3699 605 3765 si
629 3721 707 3768 cum
731 3699 787 3786 iis,
820 3721 908 3788 quae
931 3701 1038 3768 modo
1063 3723 1106 3771 ex
1130 3703 1309 3771 Aristotele
1336 3709 1372 3769 et

297 3991 329 4061 1)
346 3991 460 4046 cim
477 3987 655 4066 &titutionis
676 3991 741 4046 solis
756 3993 848 4061 paullo
863 3997 1033 4064 supraponit
1048 3995 1077 4050 in
1093 4011 1141 4062 eo,
1158 3985 1302 4066 „qnoniam
1319 4011 1368 4052 ea-

184 4087 191 4098 ·
225 4059 286 4117 ilem
301 4077 405 4128 semper
422 4061 486 4115 toea
500 4059 626 4114 exhibere
648 4061 692 4114 illi
708 4061 862 4116 alimentum
877 4081 930 4118 uon
944 4065 1072 4132 ρωπίαν*

292 4161 324 4228 2)
342 4162 484 4219 Alexandr.
501 4160 582 4229 Apte.
598 4161 618 4218 1.
634 4161 659 4214 le
683 4160 814 4230 Diogenes
829 4179 893 4216 vcro
916 4163 1097 4230 ctsalretliuis
1119 4162 1202 4232 ipsius
1217 4164 1371 4220 benedicit

222 4243 280 4280 erre
294 4245 414 4282 mummi
430 4231 587 4296 ,.quoniam,
605 4245 685 4296 quom
702 4231 741 4281 sol
757 4230 834 4284 belec
849 4231 937 4299 iprum
951 4233 1046 4287 maort
1060 4237 1139 4300 atquc
1156 4235 1294 4299 enuntiet,
1310 4235 1370 4289 rul-

222 4312 281 4350 sum
297 4311 355 4347 croc
367 4298 481 4364 accidit,
496 4299 566 4366 quob
582 4297 766 4366 reloquitur*
