2966 4990
598 434 701 531 ona
727 457 780 532 aa
912 427 914 434 ’
1218 465 1263 531 aa

118 635 190 704 vim
217 631 465 718 etiefficaciam
490 633 606 706 iecerit
630 635 665 703 iu
690 633 842 704 doctrina
866 655 926 703 sua
950 629 1147 726 Diogenes:
1180 629 1265 726 pro·

115 737 214 806 fecto
240 758 367 826 operae
390 737 536 827 pretium
561 761 634 808 esse
653 737 801 821 videtur,
827 736 1019 830 diligentius
1037 735 1137 804 etiam
1152 737 1265 805 animo

116 838 342 930 contemplari
373 860 438 926 ea,
477 862 565 930 quae
596 838 641 909 ad
671 837 765 910 hunc
795 861 900 927 usque
931 839 1046 907 locam
1077 837 1122 905 de
1147 839 1266 908 mentis

115 949 239 1010 natura
261 941 396 1032 prolata
421 951 520 1026 sunt,
559 943 595 1010 iu
620 962 762 1030 eamque
785 941 993 1033 potissimum
1018 939 1184 1028 inquirere
1208 961 1266 1008 ra·

114 1043 264 1126 tionem,
290 1065 378 1132 quae
401 1042 487 1112 inter
511 1041 610 1110 huius
634 1041 889 1136 philosophiam
908 1052 943 1111 et
961 1041 1166 1131 reliquorum
1183 1039 1266 1132 phi·

92 1141 348 1235 'losophorum
381 1143 518 1215 decreta
551 1140 768 1214 intercedat'
803 1146 1041 1236 Anaxagoram
1072 1143 1185 1229 enim,
1227 1151 1266 1214 nt

117 1248 165 1316 ab
190 1246 261 1317 hoc
286 1268 466 1333 exeamus,
503 1246 651 1338 primum
675 1247 794 1315 mentis
818 1245 1022 1339 singularem
1046 1254 1199 1314 naturam
1224 1267 1267 1316 ac

114 1349 207 1434 vim,
243 1349 428 1416 amaleria
462 1349 645 1418 seiunctam
678 1356 713 1418 et
743 1349 912 1438 avulsam,
950 1348 984 1416 in
1009 1345 1265 1438 philosophiam
1389 1379 1391 1394 ¹

115 1449 358 1534 introduxisse,
393 1472 447 1519 res
471 1450 579 1543 vulgo
604 1459 685 1519 nota
711 1459 771 1518 est.
823 1451 1016 1540 Diogenem
1040 1469 1122 1517 vero
1148 1458 1266 1518 contra

115 1549 208 1621 haee
242 1552 355 1620 omnia
387 1553 506 1621 mentis
537 1553 605 1621 vim
639 1555 716 1619 aere
741 1551 904 1620 contineri
930 1549 1153 1616 affirmantem
1177 1549 1266 1618 vidi·-

117 1674 194 1721 mus
217 1652 259 1723 fr.
285 1653 344 1721 Vl.
384 1651 489 1736 Quod
514 1675 558 1721 ne
581 1653 838 1742 quis-opinetur
862 1649 986 1720 eodem
1010 1649 1116 1719 modo
1137 1650 1266 1724 dictmu

118 1776 218 1838 esse,
259 1776 328 1842 quo
353 1755 573 1845 Anaxagoras
599 1754 699 1823 etiam
725 1753 944 1822 animantibus
968 1752 1055 1824 νοῦν
1079 1753 1185 1821 inesse
1210 1752 1266 1820 di-

119 1854 179 1938 cit,
206 1853 263 1940 ita,
290 1863 344 1937 ut,
369 1854 450 1923 licet
474 1877 552 1924 cum
577 1854 701 1924 homm
726 1862 843 1922 natura
868 1855 909 1922 sit
932 1852 1144 1940 coniunctus,
1169 1853 1265 1924 haud

118 1978 291 2045 quaquam
322 1965 435 2025 tarum
466 1977 544 2026 cum
578 1979 619 2026 ea
648 1955 767 2024 mixtus
797 1966 855 2024 aut
879 1963 1053 2026 concretus
1077 1956 1175 2025 malui
1200 1955 1265 2026 da—

116 2058 223 2137 beat;
244 2057 382 2147 ¹liquidis
407 2058 517 2126 verbis
542 2057 714 2151 Diogenes
739 2057 954 2126 animantium
980 2057 1125 2127 animam
1150 2063 1264 2130 aerem

118 2159 331 2232 calidiorem·
349 2182 420 2228 esse
452 2170 623 2230 mseverat
673 2158 857 2228 Manifesto
887 2159 991 2252 igitur
1023 2161 1204 2230 animalem
1229 2169 1265 2230 et

117 2260 403 2330 rationalem-vim
428 2261 463 2329 in
481 2262 596 2332 calore
619 2260 703 2330 ae'ris
728 2261 930 2332 collocatam
956 2284 1027 2332 esse
1053 2262 1262 2351 existimavit,
1358 2281 1362 2284 ’

117 2383 265 2452 quocum
281 2363 392 2432 omnia
406 2364 506 2433 etiam
531 2364 616 2453 alia,
641 2364 793 2452 quaeda
814 2364 884 2432 eius
904 2361 1125 2453 philosophia
1137 2361 1262 2432 tradita
1286 2445 1289 2452 Δ

117 2473 202 2547 suut,
226 2466 417 2558 conspirare
429 2465 593 2535 ridentur.
618 2464 669 2532 Ut
682 2485 764 2533 vero
780 2464 875 2533 calor
884 2465 959 2552 ipse
972 2484 1037 2553 per
1051 2486 1085 2530 se
1098 2485 1262 2553 nusquam
1352 2473 1358 2492 ‘

118 2577 189 2651 est,
226 2567 286 2635 sed
319 2590 454 2656 semper
487 2567 546 2634 alii
571 2563 707 2636 cuidam
737 2573 876 2633 naturae
901 2561 1088 2635 adhaerens
1112 2574 1171 2633 aut
1193 2567 1261 2633 im-

116 2670 239 2737 mixtus
273 2667 567 2758 deprehenditur,
606 2675 791 2756 propterea
821 2663 917 2754 quod
948 2663 982 2732 iu
1008 2688 1124 2734 earum
1147 2688 1262 2736 rerum

117 2791 243 2860 genere
269 2777 342 2851 est,
375 2790 458 2856 quas
482 2790 550 2835 uno
575 2767 711 2835 nomine
736 2765 910 2856 qualitates
934 2787 1059 2859 vocare
1083 2769 1262 2838 consueri-

117 2891 208 2939 must
231 2870 278 2936 ita
304 2869 404 2937 etiam
429 2861 554 2965 νόησιν
579 2868 764 2938 necessaria
787 2868 901 2960 aliqua
925 2860 1160 2941 coniunctione
1182 2891 1261 2941 cum

118 2974 222 3040 altera
253 2969 402 3060 quadam
432 2980 550 3039 natura
580 2970 711 3057 teneri,
754 2981 1012 3042 cousentaneum
1037 2980 1095 3040 est
1148 2974 1262 3063 Atque

117 3072 207 3144 hanc
232 3071 370 3162 quidem
396 3082 547 3142 naturam
570 3073 775 3165 Diogenem·
789 3081 901 3144 aerem
927 3097 999 3144 esse
1022 3073 1131 3165 ponit,
1166 3075 1260 3146 ouius

120 3195 160 3242 ax
183 3175 336 3244 mutabili
367 3175 487 3244 habitu
518 3176 739 3266 multiplicem
769 3170 924 3273 νοήσεως
946 3175 1142 3245 varietatem
1166 3175 1261 3244 deri-

118 3295 196 3345 vare
221 3274 342 3344 studet.
393 3277 448 3344 Ex
481 3277 536 3345 his
567 3299 650 3345 vero
677 3277 825 3345 breviter
856 3277 1012 3367 expositis
1042 3278 1172 3366 clarum
1198 3286 1260 3364 est,

117 3387 325 3471 quantopere
348 3377 383 3444 in
406 3377 475 3448 hac
507 3400 545 3445 re
578 3377 737 3446 differant
761 3379 982 3470 Anaxagoras
1014 3386 1048 3446 et
1077 3378 1261 3474 Diogenes,

118 3489 154 3548 ut
178 3503 219 3550 ex
238 3471 326 3571 ¹ipso
361 3479 554 3563 vocabulo,
585 3477 690 3568 'qnod
711 3487 853 3568 uterque
878 3488 1024 3548 mentem
1050 3480 1259 3570 appellabat,

118 3581 184 3654 hoc
217 3582 396 3653 discrimen
429 3581 571 3652 eluceat.
620 3583 839 3672 Anaxagoras
869 3580 957 3650 enim
991 3593 1137 3651 montem
1163 3604 1258 3652 suam

118 3683 170 3752 vix
194 3679 319 3782 νόησιν
345 3684 522 3776 appellare
548 3682 669 3774 potuit,
700 3682 837 3772 quaudo
858 3682 996 3772 quidem
1020 3682 1109 3755 haec
1132 3707 1198 3777 per
1223 3707 1260 3754 se

120 3785 259 3876 cogitari
283 3787 420 3874 nequit3
451 3809 514 3856 neo
541 3786 713 3878 Diogenes
740 3779 862 3881 νόησιν
887 3808 981 3854 suam
1006 3787 1109 3875 νοῦν,
1135 3787 1260 3876 siqui·

120 3885 198 3953 dem
221 3888 360 3976 proprie
383 3889 477 3978 loqui
501 3887 649 3956 volebat.
701 3886 801 3968 Νοῦς
828 3887 915 3957 euim
942 3896 992 3956 est
1018 3885 1139 3976 ον’σία,
1171 3908 1260 3976 quw

119 4010 182 4079 per
206 4010 242 4056 se
262 3988 428 4079 cogitatur
448 3998 480 4057 et
501 3983 626 4086 νόησιν
647 3989 813 4070 continet3
837 4013 1030 4079 quanquam
1051 3991 1134 4068 νοῦς
1156 3989 1259 4056 etiam

120 4089 163 4159 de
187 4088 221 4158 vi
245 4090 399 4158 rationali
424 4090 568 4174 dicitur,
612 4115 682 4181 quo
708 4112 805 4159 sensu
830 4092 1002 4185 Diogenes
1027 4109 1165 4178 quoque
1191 4087 1260 4160 hac

120 4214 202 4264 voce
226 4191 276 4259 uti
298 4190 480 4283 potuisset,
505 4192 567 4260 nisi
590 4194 756 4284 aptiorem
777 4194 897 4284 ,reique
921 4190 1030 4282 magis
1055 4191 1259 4261 convenien-

119 4303 185 4365 tem
199 4316 318 4366 vooem
333 4293 554 4388 praetulisset
586 4295 691 4379 Quod
705 4294 732 4362 si
745 4295 813 4364 iam
829 4317 917 4386 quae
932 4292 1065 4381 utrique
1084 4291 1129 4363 de
1147 4303 1259 4366 mento

969 4421 1029 4494 5*
