2966 4990
598 401 772 472 canu.
793 367 848 476 se.
1036 421 1039 427 ·
1234 411 1298 476 no

153 574 325 662 cognitam
344 573 452 642 inisse
477 575 670 659 videamus,
696 574 869 646 clarissimi
893 571 930 644 J.
950 573 1004 648 Ἠ.
1036 572 1148 645 Vossii
1159 571 1193 667 1)
1219 601 1296 673 sen,

7 675 9 686 '
77 707 82 718 s
152 676 275 742 tentiae
309 676 473 746 accedere
502 687 570 746 nori
586 681 588 687 ’
605 677 847 761 dubitabimus,
889 677 948 773 qui
981 676 1147 768 Diogenis
1169 678 1296 748 Lais'rtii

150 777 283 861 locum,
310 778 355 845 de
380 800 449 866 quo
463 781 611 870 agimus,
638 780 684 848 ad
710 779 935 849 orbicularem
960 787 1069 870 terrae
1082 781 1295 869 superficiem

148 879 317 968 pertinere
332 890 438 968 putat.
490 883 633 950 Videtur
646 884 750 972 igitur
766 882 939 973 Diogenes
951 888 1059 949 terrae
1075 882 1293 971 cylindricam

148 982 302 1048 tribuisse
322 978 485 1073 figuram,
511 985 604 1052 cuius
618 984 849 1074 superficiem,
876 1005 977 1072 quam
992 983 1148 1052 homines
1163 995 1292 1053 cetera-

148 1103 217 1169 que
231 1084 408 1156 animantia
420 1085 629 1171 incolebant,
655 1086 729 1155 orbi
744 1086 886 1154 similem
907 1095 940 1153 et
953 1085 1090 1174 planam
1104 1109 1175 1154 esse
1189 1069 1292 1178 puta:

147 1184 222 1265 bat,
250 1185 393 1254 eandem
405 1209 486 1254 vero
500 1211 610 1258 crasso
629 1189 710 1256 etin
732 1188 940 1276 profundum
961 1195 1098 1278 patente
1115 1187 1291 1258 suffultum

146 1277 379 1354 fundamento.
428 1289 493 1356 Cui
507 1291 644 1377 quidem
659 1290 791 1382 figurae
811 1291 910 1358 unice
928 1291 1106 1358 convenire
1123 1290 1289 1377 videntur,

145 1409 234 1475 quae
250 1410 353 1477 supra
367 1390 412 1456 de
430 1393 617 1486 περιφορᾷ
639 1397 675 1466 ἐκ
690 1391 761 1463 eorl
781 1391 929 1485 θερμοῦ
953 1391 1180 1459 demonstrata
1202 1403 1286 1460 sunt.

143 1491 232 1558 Nam
250 1492 278 1556 si
301 1500 394 1559 recte
415 1495 563 1580 positum
584 1503 649 1575 est,
675 1491 770 1578 quod
789 1493 905 1580 posui,
931 1489 1075 1560 eandem
1096 1491 1169 1558 fere
1185 1492 1293 1560 fuisse

143 1590 280 1659 istorum
294 1592 495 1676 humorum,
521 1615 622 1680 quarn
640 1593 717 1658 solis
730 1613 771 1659 oc
789 1592 877 1661 coeli
890 1593 1203 1672 circumactionem3
1217 1593 1288 1662 ho-

143 1713 218 1758 rum
232 1691 529 1779 quidem.circulos
541 1695 575 1763 iu
589 1695 699 1784 prima
711 1716 821 1764 rerum
837 1692 1029 1764 conditione
1042 1695 1159 1784 paullo
1173 1695 1288 1762 diver-

142 1815 214 1860 sam
229 1795 273 1860 ab
289 1816 344 1880 ea,
371 1817 459 1881 quae
472 1817 561 1865 nuuc
574 1805 641 1876 est,
657 1804 787 1864 secutos
800 1791 900 1864 fuisse
917 1796 1022 1880 dam,
1048 1797 1158 1885 probe
1174 1797 1286 1864 animo
1368 1817 1373 1824 ·

141 1895 325 1967 tenendum
340 1905 398 1978 est,
413 1898 549 1985 quaudo
566 1897 721 1986 quidem,
746 1898 833 1987 polo
850 1897 1000 1965 nondum
1019 1920 1134 1966 versus
1149 1908 1286 1988 septen-

141 1998 286 2065 trionem
301 1999 475 2086 iuclinato‚
502 2000 562 2068 sed
576 2001 684 2090 ipsum
701 2000 787 2067 coeli
802 2000 976 2090 fastigium
990 2000 1178 2084 obtinente,
1205 2023 1285 2086 noo,

141 2099 190 2165 uti
203 2121 292 2168 nune
304 2102 361 2183 lit,
388 2102 552 2190 obliquis,
578 2101 638 2170 sed
653 2102 787 2176 directis
804 2102 938 2172 circulis
954 2103 1086 2170 coelum
1101 2125 1179 2172 cum
1192 2103 1285 2170 side·

139 2201 231 2269 ribus
244 2201 415 2271 ferebatur
429 2206 518 2273 circa
533 2215 665 2274 terram.
719 2203 840 2290 Unde,
865 2227 969 2292 quum
986 2206 1061 2295 pari
1075 2206 1203 2273 ratione
1214 2205 1291 2272 hu-³

139 2325 273 2372 morum
287 2300 490 2400 περιφορά,
518 2306 562 2374 dc
576 2301 643 2394 qua
662 2306 810 2396 agimus,
829 2305 1050 2394 procederet,
1077 2305 1170 2376 haud
1186 2307 1291 2372 aliter,

139 2406 419 2497 montepesato,
444 2430 546 2495 quarn
570 2420 606 2476 ut
624 2410 767 2474 laterum
793 2407 937 2471 maxime
958 2405 1100 2472 ambitus
1118 2405 1282 2474 rotunda-

137 2517 238 2591 retur,
261 2509 340 2596 quia
351 2531 435 2597 prae
454 2510 572 2577 ceteris
590 2517 699 2574 terrae
718 2507 867 2595 partibus
888 2506 1081 2574 circumacti
1098 2507 1181 2581 airis
1201 2529 1304 2597 pres

137 2619 284 2678 rueretur
296 2611 444 2696 impetu,
471 2608 540 2676 sive
555 2609 627 2697 ipsa
648 2618 780 2678 terreno
793 2629 900 2673 massa
913 2606 984 2675 hoc
1008 2617 1102 2675 motu
1124 2619 1288 2699 correpta·

138 2716 203 2794 est,
230 2709 341 2776 donec
356 2709 489 2776 densior
509 2711 606 2777 fieret
621 2731 661 2777 ac
675 2710 841 2788 stabilior3
867 2708 935 2776 sive
949 2708 1022 2781 sola
1035 2708 1199 2800 tepefacti
1211 2710 1280 2778 hu·

137 2811 238 2878 moris
257 2813 291 2879 vi
310 2812 519 2901 fingebatur,
545 2813 618 2900 ipsa
637 2812 777 2878 immota
789 2833 933 2877 manens
949 2833 990 2880 ac
1007 2811 1121 2890 firmat
1148 2823 1279 2886 utrum-

137 2937 204 3001 que
223 2915 313 2982 enim
330 2913 486 2982 accidere
508 2914 628 3004 potuit.
681 2912 884 3005 Superficies
904 2922 1021 2982 contra
1043 2923 1152 2980 terrae
1171 2913 1278 2986 multo

136 3016 241 3083 lenius
255 3017 474 3106 tangebatur,
489 3039 594 3104 quae,
619 3038 724 3104 quom
744 3015 862 3108 etipsa
877 3015 1053 3104 superfluis
1068 3015 1278 3098 humoribus,

135 3119 256 3206 quibus
280 3119 449 3202 tumebat,
473 3118 688 3202 liberaretur,
714 3117 852 3208 siugulis
872 3119 976 3206 ipsius
996 3119 1146 3209 partibus
1160 3117 1278 3186 mundi
1388 3151 1392 3159 ·

136 3230 285 3288 centrum
310 3221 564 3308 appetentibus,
595 3219 770 3310 paullatim
795 3218 962 3286 desedisse
989 3228 1090 3306 atque
1111 3218 1158 3285 ita
1179 3239 1277 3290 oom-

100 3377 103 3380 .
135 3321 271 3412 planata
291 3344 362 3388 esse
383 3321 525 3391 videtur.
582 3322 712 3406 Quibus
730 3320 775 3385 ita
797 3319 970 3408 expositis,
999 3321 1163 3406 quisset,
1195 3319 1277 3405 quin

136 3415 355 3517 στρογγύλην
378 3424 474 3491 istam
498 3434 607 3492 terrae
622 3423 769 3490 formum
790 3422 836 3488 ob
859 3421 977 3494 oculos
991 3443 1067 3492 suos
1088 3419 1183 3516 quasi
1199 3443 1277 3488 nas·

134 3536 265 3595 centem
292 3527 478 3616 agnoscat?

236 3626 322 3718 (lap.
348 3627 409 3698 72.
463 3627 590 3697 Verum
610 3623 698 3693 haec
720 3623 795 3691 satis
817 3623 910 3692 dicta
933 3632 1028 3690 sunto
1045 3621 1089 3688 dc
1106 3630 1216 3690 terras
1230 3623 1275 3689 fl-

134 3751 237 3820 goro3
260 3739 378 3818 restat,
403 3741 441 3802 ut
464 3730 509 3800 de
532 3729 603 3822 ejus
625 3722 733 3823 vrrn'ise
758 3733 946 3818 exponatur
965 3727 987 3799 i.
1011 3747 1040 3794 e.
1062 3724 1276 3810 concretione

202 4060 234 4127 1)
259 4060 388 4114 Krltiselee
413 4059 525 4110 llldttcr.
548 4057 609 4110 Vol.
622 4058 661 4110 ll.
686 4075 713 4124 p.
730 4056 792 4113 141.
832 4057 909 4110 noch
932 4058 1034 4111 eruriblt
1058 4072 1088 4109 er
1110 4052 1204 4122 (lliog.
1219 4053 1276 4122 b),

133 4131 264 4196 Diogenes
281 4147 332 4181 roo
350 4127 505 4195 Apollonis,
525 4126 568 4178 eio
584 4129 704 4181 Zubdrer
720 4127 765 4180 des
781 4127 962 4190 Anaximenes,
979 4126 1062 4177 denis
1077 4121 1134 4176 sich
1151 4123 1194 4175 die
1206 4123 1275 4176 unte

7 4187 9 4195 ¹
133 4199 216 4262 rond,
237 4200 289 4251 und
308 4199 336 4251 io
352 4201 399 4250 der
415 4197 494 4248 Mitte
508 4195 593 4248 durch
610 4197 653 4248 die
675 4196 864 4264 umdringende
878 4197 987 4248 wasme
1010 4192 1134 4260 briestigt
1179 4194 1276 4246 Gcwisr

133 4269 198 4321 urird
223 4269 320 4320 wieder
343 4269 386 4320 dic
409 4265 505 4317 Ranae
529 4265 600 4318 einer
624 4266 747 4330 Scheibe,
774 4267 846 4320 nicbt
873 4267 944 4317 einer
965 4263 1054 4333 Kugol
1075 4263 1199 4332 gemeiat.
1224 4267 1276 4314 cett

134 4337 222 4404 Neque
238 4343 327 4390 tamea
343 4336 432 4389 omnir
449 4335 479 4388 iu
495 4333 539 4388 bis
554 4333 732 4403 probaverim.
1205 4333 1207 4340 “
