2966 4990
52 631 54 692 l

591 387 691 450 cnr.
719 392 772 454 sr.
798 392 850 457 sa
1052 429 1054 434 .
1230 388 1293 484 rsa

145 566 285 632 trarium
307 583 413 654 genus
435 560 625 652 principatu
643 562 792 654 potiatur
816 568 917 652 atque
935 560 1105 651 imperio?
1139 561 1213 630 lmo
1235 583 1288 630 res

52 723 53 734 ,
142 668 219 758 ipsa
249 667 419 758 postulare
447 663 598 749 videtur,
632 674 669 732 ut
691 665 830 733 eveniat.
895 662 994 734 Licet
1016 666 1104 732 enim
1130 686 1294 758 vapores,

144 794 165 836 a
186 770 259 838 sole
288 793 328 837 ex
358 767 535 856 tepefactis
571 768 664 857 terris
697 776 730 835 et
752 768 845 856 aquis
873 766 1023 850 excitati,
1065 767 1284 849 refundantur

143 873 207 940 sub
229 874 320 940 varia
342 870 456 960 specie
487 879 686 958 rursumque
707 873 751 938 ab
774 881 861 938 terra
885 870 1103 959 recipiantur:
1135 870 1209 938 lieri
1228 879 1282 938 ta-

142 999 222 1042 men
247 998 314 1043 non
331 981 458 1064 potest,
484 973 565 1062 quin
586 997 720 1064 semper
734 973 862 1062 aliquirl
884 973 1034 1054 intereat,
1061 974 1201 1042 etiamsi
1217 971 1280 1040 ail-

141 1078 283 1152 modum
299 1077 339 1144 sit
353 1076 533 1166 exiguum,
558 1076 653 1164 quod
672 1086 836 1146 astrorum
854 1075 940 1166 ignis
961 1076 1171 1166 aetherisque
1183 1076 1292 1145 llam-.

141 1204 198 1248 rna
220 1189 402 1249 consumat.
458 1179 514 1246 Ex
541 1200 610 1267 quo
634 1179 781 1262 eveniat,
808 1202 942 1247 necesse
966 1187 1031 1263 est,
1067 1186 1119 1265 ut,
1151 1177 1281 1246 assidue

140 1291 239 1352 aucta
260 1281 361 1352 calidi
380 1281 513 1372 generis
537 1281 758 1372 amplitudine
779 1281 1004 1373 acpotentia,
1031 1281 1076 1348 ad
1095 1291 1280 1350 extremum

139 1384 247 1452 omnis
275 1383 419 1452 mundus
441 1383 592 1474 ignescat
614 1385 719 1472 'atque
741 1387 900 1466 intereat,
930 1407 1054 1470 quum,
1079 1391 1279 1472 consumpto

140 1487 238 1558 uraris
261 1497 515 1573 ceterarumque
537 1495 698 1550 terrarum
717 1484 882 1561 humore,
908 1506 1017 1572 neque
1031 1493 1119 1552 terra
1135 1485 1180 1551 ali
1195 1506 1278 1578 pus-

138 1588 198 1672 sit,
230 1610 341 1676 neque
372 1591 447 1668 air,
483 1607 595 1673 neque
622 1586 690 1669 sol,
729 1608 840 1674 neque
868 1585 997 1666 sidera,
1037 1608 1099 1654 nec
1132 1587 1278 1676 denique

137 1690 266 1758 aether.
328 1687 420 1754 Huic
448 1697 561 1756 autem
590 1689 770 1756 sententiae
801 1688 929 1778 optime
964 1690 1136 1776 convenit,
1182 1688 1276 1777 quod

135 1802 220 1860 teste
240 1788 485 1880 Theophrasto
499 1790 594 1880 apud
609 1791 838 1860 Alexandrum
855 1791 1155 1882 Aphrorlisiensem
1175 1793 1214 1876 (Ι.
1230 1807 1277 1878 c.)

136 1893 307 1986 Diogenes
334 1915 426 1960 mare
457 1894 590 1982 penitus
620 1894 801 1984 aliquando
827 1895 1026 1967 exsiccatum
1055 1894 1095 1960 iri
1122 1893 1278 1966 docuisse

33 2003 34 2010 ’
135 1998 350 2088 perhibetur,
363 2019 488 2084 ,neque
510 1997 658 2082 obstant,
685 2021 754 2086 quo
769 1998 875 2066 minus
893 1999 939 2066 ita
954 2007 1152 2086 statuamus,
1178 1999 1286 2092 frng-v

135 2112 248 2166 menta
269 2098 445 2190 Diogenis,
472 2101 506 2166 in
533 2101 674 2188 quibus,
704 2102 817 2168 omnia
845 2101 880 2168 in
898 2101 989 2170 idem
1010 2103 1150 2186 reverti,
1184 2100 1275 2194 legi-

30 2209 34 2218 '
136 2223 229 2284 mus,
252 2223 322 2288 quo
345 2211 459 2268 exorta
478 2203 558 2288 sint,
590 2204 610 2272 i.
629 2227 658 2272 e.
690 2209 820 2272 aerem:
846 2205 1139 2293 quandoquidem
1163 2204 1273 2272 inillo

133 2306 399 2394 fragmentorum
431 2304 511 2374 loco
544 2317 704 2374 nontam
739 2307 784 2374 de
809 2315 879 2376 tota
910 2308 1028 2376 mundi
1053 2309 1274 2390 universitate,

26 2413 33 2494 J*
133 2429 235 2496 quam
262 2406 307 2474 de
331 2406 471 2497 singulis
495 2408 683 2496 quibusque
708 2409 809 2473 rebus
835 2408 955 2498 agitur.
1015 2405 1175 2474 Ceterum
1204 2427 1278 2474 uon.

26 2519 33 2530 '
133 2519 182 2577 est
205 2508 560 2600 praetermittendum,
599 2507 692 2574 hunc
718 2507 869 2599 aliosque
893 2506 1087 2578 huiusmodi
1117 2510 1212 2578 locos
1237 2510 1272 2576 in

132 2635 233 2681 causa
257 2589 360 2692 fuiss(
383 2608 509 2694 videri,
541 2630 602 2678 cur
626 2609 796 2699 Leucippi
827 2610 969 2702 vestigia
996 2612 1155 2702 pressisse
1185 2611 1279 2707 Dioj

26 2743 31 2786 r
131 2737 259 2806 genem
283 2710 477 2800 Simplicius
502 2711 611 2798 dicat,
637 2724 674 2780 ut
696 2736 797 2801 quem
816 2711 981 2802 pleraque
1006 2713 1143 2800 eadem,
1170 2724 1277 2806 atque,

130 2818 243 2901 illurn,
276 2815 431 2884 docuisse
453 2824 578 2882 narret:
611 2838 699 2900 quae
721 2816 860 2904 quidem
883 2817 1070 2884 observatio
1096 2815 1271 2886 Schleier-

134 2919 284 2990 macheri
309 2916 454 2986 acumini
471 2913 664 3008 ‹lebetur¹).
1263 3007 1267 3016 ὁ

233 3022 320 3111 Cap.
346 3020 407 3091 82.
465 3021 585 3108 Neque
614 3029 726 3088 tamen
749 3043 802 3086 res
832 3021 996 3092 conlecta.
1050 3022 1142 3088 'Nam
1167 3044 1271 3110 quum

130 3132 204 3205 altr,
230 3145 410 3192 commune
430 3125 580 3192 omnium
603 3147 713 3193 rerum
730 3123 953 3214 principium,
978 3133 1149 3190 aeternum
1172 3134 1273 3212 atque

129 3226 319 3294 immortale
349 3235 433 3292 esset
459 3226 662 3316 eDiogenis
683 3226 843 3292 sententia
869 3246 1009 3314 corpus,
1037 3224 1129 3292 cuius
1150 3234 1273 3319 vegeta

128 3349 264 3418 semper
285 3337 319 3394 et
337 3327 482 3394 animata
502 3327 536 3394 vi
554 3327 684 3416 reliqua
707 3328 820 3394 omnia
844 3337 1070 3398 nascerentur:
1103 3349 1274 3416 nunquam

129 3429 287 3522 profectu
321 3428 394 3494 lieri
424 3429 551 3518 potuit,
591 3440 644 3513 ut,
684 3453 787 3518 quam
810 3428 867 3495 (liu
887 3430 961 3520 ipse
995 3437 1163 3519 superstes
1189 3439 1273 3498 esset

128 3540 205 3618 aer,
237 3531 293 3598 uel
319 3553 387 3598 uno
419 3531 581 3621 temporis
614 3542 744 3622 puncto
776 3543 920 3602 cessaret
950 3555 1063 3600 rerum
1087 3533 1276 3622 generatio.

41 3731 44 3738 Ι
129 3635 249 3702 Nullus
271 3634 375 3726 igitur
400 3635 554 3702 absoluto
585 3658 698 3706 rerum
730 3633 872 3704 interitui
903 3636 937 3702 in
968 3634 1131 3726 Diogenis
1156 3635 1273 3728 philo-

197 3929 227 3996 l)
246 3932 349 3987 comm.
368 3935 472 4000 saepius
489 3937 561 3989 leurl.
580 3935 655 4006 pbr.
682 3935 821 3990 l'ielleicht
839 3936 873 3988 ist
890 3953 956 3998 nun,
977 3954 1051 3988 wenn
1069 3933 1222 4000 Simplicius
1237 3935 1275 3986 ie-

128 4015 173 4050 ner
190 3999 292 4053 Urtheil
312 4003 384 4057 nicht
402 4005 586 4058 anderuwoher
602 4005 719 4058 entlchnt
735 4007 796 4070 hat,
812 4003 900 4058 hiehci
919 4005 1056 4062 besonders
1075 4003 1225 4056 Rriclrsicht
1242 4021 1274 4055 un

127 4067 239 4120 nelrrucn
257 4071 307 4122 arri
330 4072 373 4123 dic
398 4074 482 4126 Lohre
505 4091 556 4126 von
580 4073 640 4126 ulem
661 4080 838 4144 rogenannten
862 4075 982 4126 Wechsel
997 4073 1044 4122 dcr
1068 4073 1275 4142 verginglielrerr

128 4137 246 4220 Walters,
276 4137 302 4190 in
327 4142 444 4194 wolcher
461 4143 647 4212 Anaxagoras,
670 4142 816 4212 Leucippus
839 4144 892 4195 und
915 4142 1046 4260 Diogenes
1063 4156 1124 4192 vorn
1149 4143 1277 4204 stobaeus

127 4206 394 4262 iiberernzurtimrneu
417 4212 550 4280 gemeldet
572 4214 685 4266 werden.
725 4213 781 4266 aur
800 4209 870 4263 illese
893 4226 950 4262 war
990 4206 1121 4276 impilcius
1138 4211 1277 4266 besonrlers

127 4276 309 4332 rrnlmerlrsam
326 4295 417 4346 wegen
435 4280 518 4333 seines
536 4279 645 4334 Streites
660 4295 747 4352 μεσπι
764 4283 811 4334 der
828 4277 930 4332 christi.
947 4279 1052 4348 Dogma
1068 4297 1131 4334 rom
1138 4283 1277 4336 Weltcnde

129 4345 181 4398 null
201 4345 296 4421 aaron,
310 4349 462 4404 l'eriechtcr
481 4351 591 4404 benum
607 4351 778 4420 Philopouos.
795 4353 844 4402 cot.

174 4455 333 4498 uroounns.
403 4441 406 4448 ’
1001 4437 1048 4505 10
