2966 4990
195 403 238 466 ιι
444 463 449 474 ,
634 392 737 459 one.
758 397 809 466 ιι.
831 395 883 462 ιι.

195 568 269 640 lato
288 588 387 640 usum
409 587 497 648 mun
520 564 582 638 sed
603 565 638 636 in
652 565 769 662 paneh
787 573 934 650 tantum,
958 569 994 634 et
1007 565 1042 634 in
1056 563 1172 656 primis
1189 563 1260 636 lere
1280 585 1344 634 re-

61 699 64 706 ·
195 693 272 744 rum
287 671 397 756 initiis,
421 670 449 738 si
470 669 619 758 quidem,
644 693 750 762 quum
770 663 895 768 νόησιν
917 689 958 736 ex
981 672 1059 737 aere
1077 667 1213 736 tandem
1240 689 1346 736 exor-

196 783 267 844 tam
292 795 362 842 esse
386 771 623 859 arbitraretur,
646 775 756 867 prima
779 769 1001 866 generationis
1021 792 1121 844 causa
1139 769 1348 861 explicanda

116 919 120 926 r
196 874 353 944 restabat
388 873 615 964 Simulatque
628 878 718 948 enirn
738 871 859 974 reiquae
879 881 953 942 orta
968 881 1054 962 erat,
1079 872 1161 944 huie
1178 873 1290 941 statim
1308 873 1351 940 in

196 975 340 1067 imperio
351 977 485 1047 cessisse
500 977 634 1048 videtur
650 981 767 1052 fatum.
818 978 906 1048 Nam
919 998 1024 1066 quum
1041 975 1352 1066 praeclarissimum

196 1077 297 1146 istum
320 1079 355 1147 in
370 1101 483 1148 rerum
505 1089 623 1150 natura
639 1082 793 1153 ordinem
805 1101 847 1152 ac
867 1078 1010 1148 modum
1025 1077 1095 1148 sine
1109 1077 1237 1146 ratione
1257 1075 1351 1146 exsi-

200 1188 287 1248 stere
308 1180 457 1274 potuisse
476 1189 635 1273 negaret,
670 1206 713 1254 ex
736 1182 805 1252 hac
823 1181 962 1270 quidem
981 1181 1160 1265 sententia,
1192 1173 1354 1273 νοήσεως
1457 1217 1458 1302 p

198 1280 233 1351 vi
267 1288 302 1350 et
333 1283 471 1354 oonsilio
497 1292 618 1354 cuneta
642 1285 676 1354 in
699 1304 814 1352 rerum
838 1293 954 1352 natura
983 1303 1085 1372 quarn
1115 1280 1355 1372 pulcherrime

198 1382 346 1452 instituta
371 1393 569 1474 essentque
594 1386 776 1474 adornata,
807 1385 975 1473 sequitur:
1013 1383 1105 1450 euius
1129 1380 1355 1450 efficientiam

200 1484 323 1575 quihus
347 1485 469 1554 linibus
491 1487 683 1558 terminasse
708 1485 875 1577 putandus
900 1485 958 1569 sit,
981 1482 1076 1553 haud
1097 1483 1197 1552 facile
1219 1481 1354 1552 videas.
1457 1501 1458 1540 l

202 1587 319 1672 Quum
343 1589 490 1677 primum
514 1599 628 1658 autern
652 1590 842 1681 Diogenes,
880 1609 982 1676 quam
1007 1585 1075 1653 late
1100 1592 1232 1676 pateret
1256 1581 1353 1678 νοή-

203 1713 290 1769 nane
302 1691 476 1810 ambitus,
512 1691 743 1779 intellexisset,
785 1688 859 1759 fieri
888 1710 956 1756 non
987 1686 1120 1778 potuit,
1158 1685 1241 1775 quin
1275 1707 1351 1753 earn

203 1791 372 1884 principio
405 1793 511 1863 inesse
543 1796 753 1886 postularet,
798 1789 891 1883 prius
918 1812 1020 1878 qnam
1053 1787 1153 1856 etiam
1184 1785 1352 1873 deliniret,

203 1895 306 1979 quale
337 1892 374 1960 id
406 1905 500 1964 esset.
551 1897 606 1964 Ex
638 1897 692 1963 his
724 1894 877 1963 omnihus
908 1899 1022 1960 autern
1052 1905 1155 1980 quu'm
1182 1889 1307 1976 elare'
1297 1911 1351 1956 ιιι-

113 2026 116 2030 -
203 1991 392 2081 telligatur,
431 2002 593 2081 quantum
617 1997 790 2085 Diogenes
814 2014 899 2083 prae
924 1993 1077 2060 omnihus
1102 1991 1158 2076 iis,
1190 1993 1352 2080 quiante

204 2111 283 2162 eum
313 2091 467 2179 fuerunt,
507 2096 651 2163 emineat
675 2104 777 2184 atque
802 2093 960 2162 excellatz
985 2115 1121 2182 prorsus
1146 2103 1256 2162 tamen
1283 2113 1351 2160 no-

205 2213 283 2261 ram
310 2204 411 2283 atque
445 2195 630 2265 inauditam
663 2219 741 2265 enm
763 2196 943 2286 protulisse
969 2195 1156 2264 doctrinam
1181 2195 1353 2264 affirmare

206 2295 322 2364 nolim.
356 2298 485 2386 Aperte
499 2299 587 2366 enim
603 2299 649 2367 ah
673 2299 891 2379 Anaximene,
918 2297 1066 2366 etiamsi
1092 2321 1170 2365 eum
1195 2320 1263 2365 non
1288 2320 1354 2365 au-

206 2395 322 2485 dierit,
361 2397 397 2465 in
430 2398 652 2493 philosophia
685 2400 769 2484 exit,
810 2401 1023 2488 aliorumque
1055 2399 1351 2491 philosophorum,

207 2500 266 2589 qni
290 2500 416 2569 interca
441 2502 648 2589 exstiterunt,
686 2501 844 2586 inventis,
881 2501 931 2570 uti
955 2501 1028 2568 lieri
1053 2500 1155 2588 solet,
1181 2504 1353 2586 excitatus,

207 2601 285 2686 alia,
311 2624 399 2692 quae
423 2605 460 2671 in
484 2603 696 2674 Anaximenis
720 2603 873 2675 doctrina
898 2605 1048 2688 laterent,
1072 2603 1107 2672 in
1131 2605 1242 2673 lucem
1265 2625 1352 2694 pro-

184 2693 304 2772 ¹traxit
329 2714 363 2773 et
388 2705 550 2792 excoluit,
582 2709 646 2778 alie
671 2707 772 2775 etiam
798 2705 929 2776 addidit
954 2729 1058 2791 nova,
1084 2707 1151 2774 alia
1176 2707 1272 2775 aliter
1289 2727 1350 2774 ex-

206 2807 321 2897 posuit
346 2828 501 2898 novaqne
525 2811 602 2880 lucc
627 2808 820 2895 illustravit,
845 2809 913 2877 alin
939 2808 1084 2911 deniqne
1105 2808 1301 2878 emendarit
1317 2816 1354 2876 et

206 2907 360 3014 correxit.

310 3070 396 3164 (lap.
420 3068 484 3144 45.
535 3072 607 3144 Sed
623 3061 852 3145 redeamus'
842 3099 877 3145 nr
903 3078 1066 3148 ordinem.
1118 3079 1233 3172 Pergit
1259 3079 1353 3150 Sim-

206 3171 327 3268 plicius
352 3177 507 3246 absoluto
532 3176 726 3270 fragmento
741 3179 791 3248 Vl
815 3177 886 3250 hoc
909 3181 1032 3250 modo.
1058 3181 1118 3254 καὶ
1137 3182 1260 3276 ἐφεξῆς
1278 3180 1353 3254 δεί-

207 3303 342 3365 ιινιιοιν,
368 3276 429 3353 ὄτι
454 3278 514 3354 καὶ
539 3275 586 3354 ιδ
611 3281 755 3377 οιιέρμα
777 3281 850 3356 τῶν
875 3277 971 3368 ζώων
991 3283 1279 3375 nnsvnoeroiddc'
1261 3309 1351 3371 εστι,

206 3379 266 3454 καὶ
291 3374 432 3480 νοήσεις
455 3381 621 3476 γίνονται
646 3384 716 3457 τοῦ
740 3378 846 3506 nia'pne
872 3412 938 3458 σοι
953 3386 1019 3480 τῷ
1046 3393 1177 3478 αἵματι
1197 3413 1241 3458 ιο
1234 3379 1352 3456 ὅλον

207 3481 313 3594 οιῖμα
345 3479 693 3578 καταλαμβάνοντος
724 3481 786 3559 δια
817 3515 890 3559 ιον
926 3488 1084 3582 pisper
1137 3493 1176 3562 ἐν
1210 3485 1261 3566 οἷς
1288 3484 1351 3556 ναὶ

208 3575 398 3678 ἀνατομήν
434 3583 568 3681 ἀκριβῆ
601 3614 674 3659 νων
711 3587 853 3681 φλεβῶν
879 3589 1135 3682 napaeis-dorosa
1189 3589 1238 3658 Ut
1268 3608 1350 3654 uero

207 3679 252 3746 ah
278 3685 460 3753 extremo
450 3687 667 3776 incipiamus,
709 3697 865 3757 accurata
890 3689 949 3756 illa
974 3713 1133 3759 venarum
1158 3690 1352 3780 descriptio,

206 3803 310 3872 quam
335 3781 416 3853 dicit
440 3787 652 3877 Simplicius,
692 3788 799 3856 hodie
834 3790 935 3859 etiam
965 3792 1037 3884 legi
1068 3793 1161 3884 apud
1186 3794 1353 3860 Aristote-

207 3885 297 3969 lem,
322 3907 424 3975 suprn
449 3898 749 3958 commemoratum
775 3900 834 3961 est.
878 3895 993 3979 Quum
1019 3895 1190 3964 antemio
1217 3919 1257 3963 ea
1279 3895 1353 3984 ipsa

119 3999 123 4002 ’
206 3987 386 4058 novissimo
418 3989 555 4058 demum
584 3993 663 4062 loco
699 3993 743 4062 ad
773 4017 874 4063 venas
905 3999 1120 4086 spermaticas
1152 3996 1353 4084 seminisque

206 4088 241 4158 in
271 4091 311 4160 iis
344 4092 493 4186 origines
526 4091 697 4163 deferatur
720 4096 910 4189 Diogenes,
948 4097 1051 4189 idque
1082 4103 1200 4191 paucis
1230 4098 1352 4183 verbis,

207 4198 262 4272 nt,
287 4214 376 4280 quae
401 4196 447 4266 de
471 4195 604 4266 seminis
628 4205 745 4267 natura
770 4198 915 4268 dicenda
936 4200 1095 4287 haberet,
1121 4205 1176 4273 vir
1193 4201 1254 4270 tihi
1270 4221 1351 4323 per-

208 4289 367 4382 suadeas,
407 4297 461 4368 his
485 4305 640 4374 conhnta
664 4299 764 4371 fnisse
784 4309 818 4371 et
842 4303 997 4373 absoluta
1021 4306 1151 4388 omnin3
1190 4304 1352 4397 suspicari
