2942 4996
202 419 245 482 Ἠ
643 409 748 474 ΟΔΡ.
771 413 820 478 rt.
844 414 895 478 18.

206 595 336 680 spectes
361 593 511 676 tempus,
536 565 613 674 quo
633 575 786 674 uterque'
799 584 925 654 vixerit.
965 577 1102 673 Neque
1122 581 1353 660 tamen-,Dio-

205 711 317 782 genes
342 688 525 779 cognitam
550 686 674 756 habirit
699 689 950 779 Annrugorne
982 684 1222 773 doctrinam„
1242 687 1288 754 ita
1313 695 1356 756 ut
1459 711 1460 726 ¹

206 799 357 860 nutante
375 792 613 882 Anaxagoram
630 793 686 858 vel
702 791 827 859 eodem
846 800 1018 881 tempore,
1044 809 1114 874 quo
1128 789 1204 872 ille,
1229 789 1354 878 philo-

206 891 363 981 sophiam
383 915 477 960 suam
502 893 709 984 excogitaret
736 894 889 981 libroque
912 889 1153 981 perscriberet,
1181 899 1239 957 aut
1260 899 1355 960 certe
1459 971 1460 986 χ

173 1015 176 1022 ’
206 1017 275 1062 non
288 993 395 1061 multo
409 1002 504 1086 post,
530 997 724 1087 priusquam
739 996 964 1086 Anaxagorae
979 991 1131 1060 doctrina
1147 992 1241 1060 libris
1253 995 1351 1062 inno-

206 1105 335 1166 tescere
355 1096 549 1184 famamque
573 1100 703 1186 assequi
730 1099 904 1188 coepisset:
961 1095 1088 1162 Utrum
1110 1103 1229 1162 autem
1248 1095 1354 1162 Anu·

206 1219 372 1289 :angores
397 1199 573 1290 Diogenis
599 1201 763 1276 doctrina
793 1201 829 1268 in
851 1221 918 1268 sua
939 1197 1013 1265 sive
1040 1197 1249 1266 inveniendo
1278 1197 1354 1266 aive

209 1301 419 1368 exornando
445 1302 590 1368 adiutus
601 1301 720 1392 suerit
741 1300 982 1392 philosophia,
1008 1321 1073 1364 nec
1092 1322 1146 1384 ne,
1172 1300 1212 1366 id
1235 1298 1354 1367 adli·
1459 1353 1460 1360 a

208 1402 355 1494 quidum
372 1403 527 1493 perduci
541 1405 669 1494 nequit,
696 1426 819 1490 quum,
847 1412 999 1489 utsupra
1015 1400 1276 1482 demonstratum
1292 1409 1355 1485 est,

208 1506 286 1573 solis
304 1505 402 1572 etiarn
418 1504 558 1574 aliorum
579 1505 717 1573 inventis
733 1528 807 1572 usus
822 1505 855 1571 in
871 1526 962 1572 suam
977 1501 1036 1568 ille
1059 1504 1251 1570 sementiam
1270 1525 1356 1594 per-

179 1603 183 1612 “
207 1607 321 1675 venire
340 1607 497 1698 poluerit.
550 1609 603 1676 Ac
626 1607 710 1674 mihi
732 1607 886 1697 quidem,
913 1614 949 1672 ut
964 1613 1081 1695 aperte
1103 1604 1232 1688 dicam,
1259 1603 1357 1692 quod

207 1710 331 1794 sentio,
366 1719 519 1779 neutrum
543 1710 673 1778 novisse
701 1711 844 1778 alterum
878 1708 1063 1799 probabile
1084 1707 1233 1790 videtur,
1269 1727 1356 1795 pro-

206 1825 323 1903 pterea
337 1813 432 1902 quod
448 1836 491 1880 ne
505 1836 607 1882 unum
623 1813 761 1902 quidem
776 1811 940 1902 reperitur
962 1809 1157 1902 vestigium,
1184 1832 1252 1897 quo
1268 1808 1356 1876 alte-

206 1936 282 1979 rum
298 1935 338 1978 ex
350 1915 456 1978 altero
471 1917 673 2001 pependisse
686 1924 813 1981 certum
828 1916 879 1979 sit.
930 1915 1051 1998 Neque
1060 1915 1284 2002 Anaxagorae
1299 1910 1357 1975 fa-

207 2036 264 2080 ma
278 2011 474 2103 priusquam
492 2035 578 2101 opus
598 2036 693 2079 snum
709 2015 754 2078 de
768 2035 880 2078 rerum
896 2022 1015 2077 natura.
1026 2012 1185 2078 edidisset
1201 2011 1356 2098 -quod

207 2113 344 2203 quidem
365 2113 579 2203 provectiore
602 2122 711 2180 aetate
731 2111 887 2192 fecit-,
914 2111 1153 2179 condemnatus
1169 2111 1293 2178 deinde
1320 2121 1357 2179 et

207 2214 348 2283 Athenis
369 2216 483 2304 pulsus
510 2224 611 2302 esset,
635 2215 722 2282 adeo
742 2215 941 2304 pervulgata
968 2214 1067 2281 luisse
1087 2214 1238 2297 videtur,
1265 2214 1356 2281 utin

166 2321 169 2325 ’
207 2317 370 2404 reliquam
387 2326 590 2406 penetrasset
609 2317 788 2386 Graeciam
804 2327 837 2385 et
854 2317 991 2402 insulas,
1017 2317 1077 2385 ubi
1092 2317 1355 2408 Diogenestum

207 2419 348 2486 fortasse
367 2419 526 2510 degebat,
740 2471 743 2478 .

310 2521 396 2609 Cap.
426 2521 483 2591 18.
519 2521 591 2589 lam
606 2517 692 2588 nihil
706 2528 818 2604 restat,
844 2543 945 2608 quarn
967 2529 1003 2587 ut
1024 2519 1239 2610 unurnillud,
1259 2519 1355 2609 quod

210 2622 255 2691 de
273 2622 435 2714 Diogenis
454 2625 522 2691 vila
543 2624 586 2691 ad
611 2647 670 2690 nos
691 2624 861 2713 pervenit,
888 2622 1041 2690 addatur.
1094 2623 1235 2691 Athenis
1254 2624 1356 2690 fuisse

1456 1495 1460 1568 l

206 2726 312 2793 fertur
324 2726 497 2816 Diogenes
512 2726 764 2815 Apolloniates,
790 2725 903 2812 ibique
924 2735 1067 2816 propter
1089 2748 1246 2817 magnam
1269 2724 1356 2791 invi·

208 2827 299 2894 diam
320 2829 354 2893 in
375 2829 463 2895 vitae
490 2827 670 2895 discrimen
695 2826 860 2895 adductus
884 2851 972 2916 esse,
1012 2837 1150 2894 auctore
1174 2827 1356 2894 Demetrio

206 2927 388 2998 Phalereo
404 2923 447 3018 ¹).
500 2928 613 3011 Quam
630 2928 768 3017 quidem
785 2928 944 2995 invidiam
969 2930 1049 2996 inde
1072 2939 1181 3000 ortam
1205 2954 1277 2998 esse
1297 2951 1356 2997 su-

207 3030 338 3120 spicor,
363 3027 458 3118 quod
473 3028 697 3120 philosophia
714 3051 773 3095 sua
790 3029 944 3117 publicas
958 3031 1140 3122 religiones
1160 3031 1287 3100 violare
1302 3031 1356 3099 vi-

206 3130 367 3214 debatur3
391 3154 460 3221 qua
484 3131 604 3200 eadem
628 3130 673 3197 de
695 3152 795 3199 causa
817 3133 1041 3224 Anaxagorae
1058 3134 1176 3222 paullo
1198 3144 1293 3222 post,
1317 3143 1357 3201 nt

204 3233 354 3316 videtur,
381 3233 468 3302 vitae
486 3233 678 3325 periculum
698 3233 899 3302 imminuisse
921 3244 1051 3304 constat
1063 3229 1110 3320 2).
1161 3238 1213 3303 Ex
1233 3235 1271 3301 iis
1291 3258 1357 3303 au-

205 3344 292 3422 tem,
319 3357 407 3427 quae
426 3359 528 3430 supra
546 3334 670 3407 effecta
689 3346 780 3424 sunt,
806 3345 863 3405 aut
886 3345 967 3426 ante
981 3340 1220 3430 Anaxagoram
1242 3336 1356 3406 Athe·-

273 3634 305 3700 1)
324 3634 400 3701 Apnrl
420 3636 499 3705 Diog.
519 3636 550 3687 b.
567 3637 621 3700 lli,
645 3623 689 3688 57}
718 3637 821 3690 τοῦτον
840 3632 926 3704 φησὶν
944 3630 961 3690 o‘
982 3631 1124 3706 Φοληρεῦς
1141 3635 1305 3706 Δημήτριος
1322 3631 1354 3692 ἐν

204 3699 240 3769 τῇ
257 3702 429 3769 Σωκράτους
446 3702 585 3776 ἀπολογίᾳ
609 3701 657 3757 διὰ
679 3703 765 3771 μέγαν
783 3703 898 3772 φθόνον
912 3706 1015 3772 nixque
1033 3709 1213 3762 κινδυνεῦσαι
1236 3700 1352 3776 Ἀθήνῃ-

205 3785 259 3822 σιν.
293 3771 370 3836 Quae
385 3773 503 3824 littteras
520 3781 612 3825 contra
627 3774 694 3826 baec
711 3781 799 3825 mouet
812 3775 882 3840 (lon.
897 3773 968 3826 Phil.
987 3776 1093 3842 qudi),
1110 3777 1209 3828 nullius
1226 3775 1355 3828 momenti

112 3859 116 3868 ¹
204 3842 279 3891 matr
309 3838 347 3889 Er
363 3840 413 3890 roll
430 3857 462 3891 au
481 3841 565 3892 Athen
582 3843 671 3908 gelobt
693 3842 796 3904 baben,
819 3843 872 3894 und
895 3843 1011 3896 daselbst
1028 3859 1119 3911 wegen
1136 3862 1242 3913 grosses
1259 3844 1355 3897 Neides

205 3905 281 3958 nieht
301 3906 390 3974 ποιοῖς
407 3907 509 3960 Galahr
528 3910 721 3976 aurgostanrlen
741 3911 836 3962 haben.
872 3911 951 3964 Dima
967 3911 1111 3966 Naolrrieht
1136 3915 1170 3966 ist
1193 3914 1267 3965 nicht
1284 3914 1354 3964 ohne

205 3975 338 4028 verdeebt
355 3991 442 4042 gagen
466 3974 525 4028 ilrre
550 3977 704 4040 Wahrheit,
733 3980 836 4030 rowohl
858 3995 950 4048 wegen
974 3980 1019 4032 des
1036 3980 1262 4052 Stillschweigens
1285 3981 1355 4033 aller

1458 3203 1462 3246 l

205 4044 316 4112 iibrigen
334 4042 537 4106 Schriltsteller,
561 4046 686 4097 alroech
703 4063 795 4114 wagan
813 4047 956 4100 derleieht
972 4049 1122 4115 miglieben
1147 4052 1355 4117 Verwechslung
1461 4057 1462 4062 ’

205 4111 254 4162 anit
271 4113 330 4164 dom
346 4113 478 4180 Diagoras
501 4113 561 4164 dom
579 4113 796 4182 (lottarleugner,
828 4116 877 4167 nul
898 4117 989 4168 dassen
1011 4119 1086 4183 Kopl
1106 4119 1148 4171 rlla
1169 4120 1285 4172 Atheoer
1302 4118 1354 4170 den

204 4177 279 4230 Prels
293 4181 364 4232 eines
381 4181 489 4233 Talonta
506 4186 605 4248 gesetnt
623 4181 721 4236 hatten.
756 4184 877 4236 Attamen
894 4183 1039 4255 Diogenem
1055 4187 1164 4242 Athonis
1182 4187 1279 4253 fuisse,
1296 4185 1355 4254 ipse

204 4246 296 4310 paullo
314 4247 423 4301 interius
440 4265 465 4316 p.
484 4247 519 4300 tt
536 4248 662 4302 coneedit.

272 4341 362 4409 bct
380 4349 535 4405 Sebauloolr
550 4349 633 4405 Anae
650 4369 677 4419 p.
695 4350 730 4409 88
747 4370 768 4410 r.
786 4371 813 4422 p·
831 4354 874 4410 ll·
892 4355 936 4412 tc.
