2966 4990
626 411 741 478 MP.
762 415 818 480 28.
1241 419 1304 484 122

162 580 242 652 inde
266 604 288 650 a
312 582 423 676 prima
448 583 665 676 generatione
689 605 818 672 rernm,
844 591 883 654 ut
907 582 1054 670 videtur,
1082 585 1128 655 ¹in.
1149 584 1304 675 superio·

4 677 8 696 ⁸
113 773 114 776 Ἴ
162 683 254 754 ribus
283 688 368 758 locis
400 687 527 776 relicti,
563 709 649 775 quos
680 708 758 756 cnm
789 686 894 756 stellis
908 688 953 754 in
986 687 1085 756 coelo
1118 687 1304 778 circumagi

162 787 309 877 putarit,
335 787 396 857 scd
420 789 498 860 luce
523 790 705 858 destitutos.
759 787 856 868 δέού.
876 791 904 874 l,
923 783 984 877 25,
998 788 1032 856 l.
1048 812 1084 879 p.
1100 783 1186 858 508.
1214 815 1306 881 συμ-
1387 871 1390 878 ,

163 891 430 986 περιφέρεσθαι
457 891 496 964 δὲ
521 897 597 971 τοῖς
624 895 794 984 φανεροῖς
819 889 967 984 ἄστροις
999 887 1149 986 ἀφανεῖς
1181 890 1308 970 λίθους

163 989 223 1063 ταὶ
247 995 332 1087 παρ’
359 986 453 1064 αὐτο
478 992 591 1066 τοῦτο
619 986 843 1084 ἀνωνύμους·
870 991 1070 1072 πέττοντας
1102 993 1140 1066 δέ
1166 986 1307 1064 πολλοί-

164 1116 217 1170 νις
242 1091 300 1164 ἐπὶ
324 1093 389 1188 τῆς
412 1093 474 1188 γῆς
501 1095 741 1192 σβέννυσθαι·
767 1088 936 1187 καθάπερ
961 1088 1029 1167 τον
1056 1098 1094 1166 ἐν
1113 1087 1227 1188 Atym
1244 1119 1308 1166 no·

162 1197 296 1283 ταμοῖς
320 1194 489 1290 πυρωδῶς
513 1196 780 1284 κατενεχθέντα
807 1191 943 1290 οἷστέρα
969 1188 1151 1291 πετρινόν.
1209 1194 1309 1262 Idem

162 1289 293 1361 habent
323 1294 455 1364 Praete.
483 1294 525 1379 2,
552 1297 611 1363 13.
638 1319 672 1386 p.
698 1294 785 1367 401.
847 1295 977 1364 nmen.
1005 1319 1124 1387 praep.
1153 1320 1203 1366 ev.
1230 1295 1307 1367 XV.

162 1415 198 1486 p.
226 1392 313 1464 839.
338 1396 382 1464 A.
409 1397 463 1465 cd.
489 1398 592 1466 Paris.
621 1395 732 1464 1628.
765 1397 973 1464 Theodoret.
1000 1419 1036 1486 p.
1059 1393 1122 1483 59,
1147 1397 1182 1471 2.
1217 1393 1332 1474 Aeo·v

162 1496 261 1592 νένης
287 1497 340 1586 δέ,
367 1498 427 1570 καὶ
454 1497 639 1572 ἐκπίπτειν
666 1499 714 1575 εἰς
740 1491 807 1590 τήν
823 1497 889 1592 γῆν
907 1490 1010 1576 τινας
1024 1490 1166 1570 τούτων
1182 1497 1308 1592 ἔφησε,

162 1596 223 1666 καὶ
250 1600 512 1688 σβεννυμένους
537 1599 764 1690 ἐλέγχεσθαι,
801 1595 861 1669 ὅτι
887 1597 1002 1670 λιθῶν
1037 1597 1159 1687 ἔχουσι
1186 1591 1308 1692 φύσιν.

163 1704 229 1764 cet.
262 1696 335 1786 (Of.
362 1719 438 1788 cap.
463 1699 516 1789 2.)
567 1698 724 1789 Lapidea
747 1699 837 1769 haec
858 1719 1006 1790 corpora
1026 1698 1061 1766 in
1084 1699 1308 1787 inferioribus,

164 1819 266 1886 quam
293 1821 387 1866 veras
411 1802 538 1887 stellae,
580 1799 662 1870 ferri
692 1799 777 1872 locis
811 1810 1071 1871 consentaneum
1101 1810 1166 1870 est:
1206 1810 1308 1890 atque

163 1899 253 1976 haec
278 1923 379 1972 causa
403 1903 505 1974 fuisse
536 1902 685 1987 videtur,
721 1925 781 1973 cur
818 1900 943 1999 οἱφανῆ
972 1903 994 1970 i.
1022 1925 1052 1975 e.
1086 1904 1228 1974 obscura
1254 1902 1309 1970 di-

165 2011 291 2071 cantur.
343 2004 464 2092 Aeque
492 2006 580 2074 enlm
615 2005 795 2074 sublimem
820 2006 935 2074 locum
962 2007 996 2082 si
1012 2004 1211 2092 tenuissent,
1234 2003 1309 2075 fieri

163 2125 232 2171 non
257 2104 384 2194 potuit,
410 2106 490 2193 quin
515 2106 658 2198 perinde
680 2117 781 2196 atque
806 2107 887 2174 illae
913 2107 1058 2190 aetheris
1078 2099 1213 2176 fervore
1227 2128 1318 2178 οσιι-Ι

138 2205 301 2306 xderent;
324 2208 386 2274 nisi
412 2209 500 2275 forte
526 2219 684 2279 concreta
709 2209 817 2301 magis
843 2231 960 2277 eorum
986 2209 1125 2292 materia
1150 2218 1208 2280 aut
1233 2231 1308 2278 ma·

163 2306 270 2376 iorem
296 2309 439 2378 aetheria
462 2312 710 2384 multitudinem
735 2313 889 2397 arcebat,
916 2320 973 2377 aut
994 2313 1083 2400 ignis
1109 2311 1209 2376 radiis
1235 2311 1309 2377 for·
1363 2325 1382 2336 ’·

163 2408 228 2476 tius
251 2412 444 2496 resistebat,
468 2436 571 2500 quam
590 2421 688 2480 ae‘rea
714 2433 755 2478 ao
784 2412 901 2500 pervia
927 2418 1114 2478 ceterarum
1140 2409 1311 2478 stellarum

163 2534 281 2579 massa.
332 2515 491 2580 Attamen
517 2512 628 2580 calida
652 2511 793 2596 fuerint,
819 2533 952 2578 necesse
979 2520 1046 2594 est,
1073 2511 1209 2597 quando
1233 2513 1310 2599 qui-

165 2611 245 2678 dem
270 2613 350 2706 igne
380 2613 558 2706 flagrantia
587 2615 623 2688 in
654 2621 779 2681 terram
811 2611 970 2682 decidere
996 2614 1061 2699 ait,
1101 2613 1161 2682 ubi
1187 2613 1332 2697 eratin<
1367 2629 1377 2644 ·

164 2895 248 2950 theris
267 2895 336 2950 radii
358 2901 446 2951 terrae
465 2895 575 2964 aliisque
597 2893 767 2948 interioribus
792 2894 858 2949 locis
878 2893 1066 2962 dispensentur.
1105 2895 1147 2950 (ii.
1170 2895 1222 2948 loe.
1246 2893 1309 2947 lrist.

164 2966 230 3032 phil.
253 2966 340 3018 lande
374 2966 454 3018 Dicte
476 2966 645 3048 Vorsteliung
668 2965 766 3016 bildete
786 2965 843 3018 sich
867 2964 925 3016 ilrrn
949 2965 1168 3028 wenerannus,
1191 2966 1252 3018 dass
1268 2963 1312 3016 dio

165 3035 238 3094 Welt
256 3037 295 3088 als
311 3035 369 3088 eine
385 3033 524 3102 lelrandige
541 3035 649 3086 Einhart
665 3033 724 3085 ihre
741 3034 912 3086 Lebcnslrait
928 3050 975 3085 aus
992 3033 1051 3084 dem
1069 3035 1175 3086 Genzen
1193 3033 1312 3084 einaielre

165 3105 219 3156 und
236 3105 391 3173 empiange,
414 3103 466 3156 wie
489 3104 536 3156 das
558 3103 674 3158 einzeloo
697 3103 798 3165 Tiricr3
823 3103 906 3154 dolor
923 3103 1020 3154 celrico
1040 3119 1067 3153 er
1084 3103 1127 3156 ihr
1147 3103 1311 3168 Werlrceuge

167 3173 213 3225 deo
231 3173 417 3235 Atimetum,
434 3173 572 3224 urctcleer
589 3173 617 3223 in
634 3172 685 3222 den
704 3172 841 3222 (ἰσαίτατα
857 3188 891 3221 τυ
909 3171 1037 3221 narseten
1053 3169 1172 3236 glonitc.
1208 3171 1246 3219 Ac
1263 3184 1310 3218 ne·

166 3239 227 3306 gari
243 3241 347 3306 nequit,
366 3241 483 3308 aliquam
500 3241 592 3292 saltem
609 3238 846 3291 verisimilitudinis
862 3238 974 3302 speciem
992 3237 1107 3288 nancisci
1124 3236 1193 3288 irene
1207 3241 1311 3286 senten-

167 3308 249 3373 tiam,
267 3326 349 3375 qurum
366 3327 397 3360 ex
414 3309 471 3374 ipsa
486 3310 620 3374 perforata
643 3306 758 3359 siderum
776 3312 884 3367 natura,
903 3321 955 3370 qna
979 3305 1144 3370 pulmonibus
1160 3301 1312 3370 comparari

92 3383 95 3390 '
167 3385 288 3444 possrmt,
303 3386 360 3430 tnm
375 3395 407 3428 ex
422 3377 502 3428 sinrili
519 3374 591 3428 vocis
609 3371 737 3441 ἀναπνοὴ
755 3391 820 3440 usu,
838 3389 907 3439 qnae
922 3373 1014 3428 itidem
1037 3373 1069 3424 de
1091 3370 1197 3440 spiritus
1220 3375 1312 3422 meato

166 3451 293 3513 usurpata
309 3462 366 3498 esse
382 3439 484 3498 ridetur
501 3446 569 3512 apud
589 3446 695 3496 Arriae.
711 3444 792 3496 lndic.
817 3459 845 3529 φ.
862 3441 922 3494 178.
942 3443 972 3492 Ε.
998 3440 1038 3494 cd.
1056 3441 1091 3493 Η.
1109 3440 1200 3504 steph.
1217 3439 1311 3523 fialas-

167 3533 212 3567 ται
231 3512 262 3602 di
279 3511 380 3582 ἐλέφας
397 3506 467 3599 eicos
485 3509 709 3599 o‘a'oyfflodderro
728 3513 800 3596 βοῦς
813 3531 830 3577 η
848 3509 952 3596 innoc,
971 3504 1056 3563 ἐπεὰν
1073 3511 1136 3578 τῇσι
1150 3511 1265 3590 &nisset
1281 3504 1311 3560 ai

167 3573 1314 3718 tttt.ttt‘÷t⁰r.'.tt⁰tntttitrt.tt²,t.t⁰ttintttirritarint}

167 3720 248 3774 huius
265 3721 463 3788 significationis
486 3722 514 3774 in
536 3719 748 3789 frequentissimo
771 3718 843 3778 vocis
861 3711 993 3784 διαπνοιή
1018 3715 1089 3781 eund
1107 3714 1192 3772 omnis
1209 3712 1314 3794 generis

168 3789 342 3858 philosophos
358 3807 407 3842 usu
423 3791 569 3858 reperitur,
594 3789 699 3858 longius
718 3787 813 3842 Ritteri
831 3785 899 3837 ratio
922 3783 1005 3851 potita
1022 3785 1144 3847 ridetur,
1170 3799 1218 3833 noc
1235 3781 1314 3830 dubr-

169 3858 239 3921 tari,
255 3874 314 3910 earn
331 3859 465 3920 deserere,
490 3858 644 3924 praesertim
662 3874 742 3926 quum
760 3873 792 3908 ea
810 3855 849 3908 rei
867 3853 1021 3919 explicatio,
1062 3868 1124 3904 nans
1142 3867 1193 3918 ogo
1210 3853 1314 3898 secutus

168 3944 245 3992 eum,
272 3927 343 3978 nitro
366 3942 423 3978 sese
446 3925 553 3977 offerret
578 3923 754 3993 comparanti,
779 3941 846 3990 qnae
863 3923 896 3974 do
917 3922 972 3974 soie
999 3937 1031 3972 ao
1045 3871 1110 3972 iuna
1133 3924 1189 3970 tam
1209 3915 1314 3979 diserte,

153 4001 276 4062 ,temque
293 3995 365 4047 clare
380 3995 465 4046 relata
481 3999 555 4057 sunt3
583 3993 691 4061 ipsaque
712 3993 879 4060 simplicitate
895 4006 942 4042 sua
959 4006 990 4042 ao
1007 3989 1135 4041 facilitate
1150 4000 1214 4052 prae
1230 3985 1315 4036 attere

169 4065 217 4117 illa
234 4081 262 4114 se
277 4063 479 4114 commendaret.
514 4063 634 4114 Ceterum
655 4063 829 4116 llteodoretue
852 4060 981 4120 similem,
1007 4075 1039 4112 ac
1057 4055 1188 4116 itineres,
1211 4059 1315 4104 senten-

170 4133 236 4186 tiam
253 4132 379 4183 habuisse
396 4131 514 4184 rideturr
533 4133 580 4184 (le.
598 4131 644 4184 aii.
663 4148 686 4182 e.
704 4148 729 4197 p,
748 4129 798 4195 58,
817 4125 860 4181 5⁰.
881 4123 896 4182 ὁ
915 4125 945 4180 di
963 4122 1098 4192 Διογένης
1114 4121 1315 4189 κισσηοοεεδεῖς

171 4200 242 4268 λέγει
258 4198 328 4256 εἶναι
346 4195 465 4261 τούτους
481 4195 639 4268 (ἀστέρας),
659 4197 797 4260 διαπνοές
819 4215 897 4257 τινας
914 4193 1032 4264 ἔχοντες.
1068 4193 1121 4246 Sed
1138 4191 1314 4244 Plutarchum

169 4269 217 4323 ille
233 4287 285 4323 non
302 4268 444 4334 intellexit,
469 4286 545 4335 qoem
563 4269 591 4320 in
608 4269 651 4321 his
666 4269 738 4322 hand
762 4268 841 4320 dubie
857 4263 983 4331 seqnitur.
1008 4263 1043 4316 oi.
1061 4279 1087 4331 p.
1104 4261 1149 4324 61,
1165 4259 1208 4317 lt.
1242 4260 1313 4311 λοσε.

171 4356 221 4391 scr.
239 4339 266 4390 ir.
284 4339 328 4406 ph.
345 4339 390 4392 lv.
408 4354 452 4390 no.
468 4339 495 4390 2.
512 4357 540 4405 p.
558 4337 619 4392 236.
757 4401 760 4408 γ
1097 4361 1103 4366 ·
1154 4369 1156 4376 -
