2966 4990
212 415 257 487 Ν
496 471 502 483 .
628 401 730 482 041.
751 419 807 484 an·
823 408 876 484 ⁵1.
898 417 949 482 52

212 587 314 662 animi
341 589 491 682 partibas
516 585 658 658 differre
683 589 909 660 autumarent:
951 609 993 656 ex
1022 606 1167 677 qumum
1197 587 1362 652 sententia

212 704 284 764 tant
298 693 436 762 detnrmr
457 699 568 760 annus
584 693 758 777 exsistant,
784 715 890 781 quum
910 691 1036 760 externi
1058 688 1211 778 corporis
1233 689 1359 777 appol-

211 815 267 866 ιιι
281 816 386 883 usqae
400 792 569 884 adipsum
589 789 805 888 ἠγεμονιιιόν
825 795 1010 886 propagati
1030 800 1114 860 sunt
1166 790 1360 880 Diogenem

210 899 322 990 ipsum
338 895 458 964 dixisse
473 917 595 964 censeo
612 898 671 969 inl
688 891 756 992 τήν
772 889 908 992 νόησιν,
934 895 1028 986 quod
1041 893 1182 964 seriores
1197 891 1266 960 hoc
1282 916 1362 960 mo

212 993 259 1068 do
278 996 450 1090 explicare
466 998 662 1085 voluerunt,
688 1021 794 1089 qnam
813 999 894 1092 ipsis
913 995 1034 1098 νόησις
1056 997 1210 1064 altiorem
1228 1003 1359 1132 tantum

211 1103 313 1172 aalnd
335 1102 405 1169 viat
419 1100 596 1193 signillcet

316 1235 402 1328 Cap.
429 1227 490 1305 51.
543 1234 651 1306 Simili
665 1237 792 1305 ratione
811 1235 956 1306 auditus
972 1257 1103 1304 sensum
1125 1233 1251 1303 censuit
1271 1219 1363 1308 oriri
1461 1288 1462 1334 ,

212 1337 344 1409 I'lircil.
367 1337 435 1422 lv,
454 1337 503 1406 16
526 1339 609 1434 περὶ
632 1335 797 1433 οένοῆςρ.
815 1330 904 1412 455.
895 1339 1107 1459 Διογένης
1130 1332 1237 1426 (sc'
1213 1331 1358 1408 αιιούειν

187 1453 194 1468 '
212 1439 328 1538 ἡμᾶς)
359 1436 429 1512 τοῦ
443 1442 481 1513 ἐι
501 1468 546 1534 τῃ
534 1435 737 1535 κεφαλῇ’
713 1443 818 1534 αέρος
832 1435 905 1514 oud
918 1440 982 1539 τῆς
996 1439 1114 1540 φωνῆς
1128 1440 1358 1529 τυπτομένου

213 1571 272 1615 ιιαι
287 1541 501 1634 κινουμένου
518 1537 561 1634 ¹).
613 1537 653 1609 ln
669 1541 722 1610 his
744 1549 856 1610 ae‘rem
879 1543 992 1634 capite
1010 1535 1172 1612 inclusum
1189 1539 1283 1628 quod
1307 1548 1360 1606 at-

212 1643 306 1728 tinet,
332 1642 423 1712 idem
440 1642 498 1713 illc
508 1643 655 1732 ridetur,
681 1668 784 1734 quem
799 1643 889 1713 venis
905 1645 1067 1714 contineri
1084 1643 1237 1735 putabat.
1264 1641 1360 1708 Mul-

213 1751 263 1815 tas
285 1747 374 1814 enim
398 1764 499 1814 venas
524 1747 614 1816 circa
636 1769 752 1816 aurem
778 1747 949 1816 confluere
970 1747 1070 1831 dixit,
1102 1769 1244 1836 quarum
1264 1744 1360 1812 baud

214 1842 318 1916 dubie
343 1849 470 1936 aliquas
495 1849 529 1916 in
547 1850 654 1940 ipsam
678 1873 792 1919 aurem
813 1859 989 1942 penetrare
1010 1849 1243 1934 arbitrabatur.
1295 1847 1359 1914 His

214 1951 318 2042 igitur
342 1957 516 2018 contentus
537 1959 611 2035 air,
638 1975 723 2022 voce
740 1975 916 2045 percussus
935 1975 975 2022 ae
990 1960 1111 2038 motus,
1137 1951 1270 2018 auditus
1284 1973 1359 2016 sen·

126 2089 133 2102 ·
214 2075 253 2120 su
273 2069 335 2119 nos
356 2050 474 2121 allicit.
525 2049 628 2121 Unde
652 2054 853 2142 edocemur,
879 2053 994 2145 quod,
1021 2054 1080 2122 ubi
1098 2054 1143 2121 de
1159 2063 1260 2145 gustu
1275 2075 1360 2152 age-

213 2155 351 2234 bamus,
378 2155 486 2221 minus
508 2156 597 2224 clare
620 2159 823 2248 apparebat,
851 2181 893 2225 ex
912 2157 1074 2248 Diogenis
1099 2156 1260 2224 sententia
1282 2177 1359 2220 scn-

214 2278 288 2325 sum
303 2256 464 2346 cuiusque
479 2258 529 2324 rei
551 2257 630 2324 oriri
647 2261 748 2344 aiiris,
773 2261 901 2328 ratione
921 2259 1084 2351 praediti,
1110 2260 1210 2358 pulsp
1227 2281 1266 2326 ac
1283 2279 1360 2324 mo-

213 2366 270 2446 tu,
296 2379 360 2450 pro
376 2377 529 2426 sensuam
551 2359 727 2445 varietate,
754 2369 855 2453 puta,
882 2361 973 2430 vario
996 2384 1036 2431 ac
1053 2352 1196 2435 diverso.¹
1243 2361 1361 2446 Atque

213 2459 260 2528 ita
282 2459 464 2552 physicum
486 2467 630 2530 statuere
654 2464 810 2540 decebat,
860 2463 993 2536 Deinde
1012 2476 1092 2532 vcro
1113 2466 1140 2531 si
1155 2461 1359 2552 quaerimus,
1462 2510 1463 2544 ,

214 2563 405 2654 quomodo
422 2570 479 2631 ae'r
499 2565 562 2634 iste
581 2587 668 2634 voce
680 2575 837 2658 tangatur
854 2575 886 2634 et
901 2567 1124 2659 percutiatur,
1150 2564 1282 2647 omnino
1301 2586 1359 2630 re-

213 2663 451 2758 spondendum
467 2673 533 2754 est,
558 2674 688 2737 mature
702 2668 769 2736 iam
784 2669 876 2738 vocis
896 2691 1028 2739 causam
1047 2670 1081 2735 in
1097 2676 1267 2737 commoto
1281 2673 1359 2734 aere
1462 2685 1463 2700 ¹

213 2768 258 2836 ad
277 2789 373 2835 aures
387 2768 575 2859 pertinente
589 2772 774 2860 quaesitam
793 2772 894 2841 fuisse
914 2770 1179 2864 aphilosophis·
1205 2767 1298 2858 quod
1315 2769 1360 2836 de

214 2869 418 2959 Anaxagora
451 2869 570 2938 saltem
608 2883 702 2940 certo
733 2883 869 2942 constat.
907 2873 952 2945 cl'.
991 2871 1219 2943 Schuubnclr.
1253 2873 1358 2939 Anax.

214 2966 620 3062 placueratque
644 2973 791 3044 sensibus
811 2975 894 3064 quid
917 2975 1063 3067 Diogeni
1082 2974 1267 3068 placuerit,
1293 2996 1360 3042 non

215 3067 391 3150 traditum3
424 3079 569 3140 attamen
596 3073 623 3141 si
645 3075 828 3166 diligenter
851 3077 1118 3164 consideremus,
1157 3100 1227 3168 quo
1254 3077 1358 3144 modo

214 3169 339 3242 horum
366 3173 582 3265 explicaverit
605 3186 782 3263 naturam,
817 3181 893 3248 satis
915 3179 1151 3271 probabiliter
1167 3180 1358 3249 coniectura

214 3274 345 3366 assequi
359 3297 546 3368 possumus,
572 3279 655 3369 quid
671 3279 716 3348 de
729 3228 795 3350 illis
812 3283 968 3358 statuerit
994 3281 1066 3352 Sed
1079 3283 1248 3352 mittamus
1261 3281 1355 3366 haec,

213 3401 256 3447 ne
274 3379 308 3446 in
322 3402 360 3450 re
378 3378 506 3452 incerta
523 3380 752 3454 immoremur.

315 3513 401 3608 (lap.
428 3511 489 3588 52.
540 3519 596 3588 Ex
621 3519 689 3591 hac
714 3543 870 3596 sensuum
893 3521 1102 3612 expositione
1122 3521 1230 3588 lucem
1252 3537 1357 3606 prae·

214 3622 305 3682 terea
336 3617 504 3706 accipiunt
530 3641 588 3704 ea,
634 3644 723 3709 quae
756 3623 800 3691 de
821 3643 941 3691 somno
974 3630 1007 3689 et
1044 3630 1158 3690 morte
1196 3619 1360 3686 docuerat

212 3721 296 3782 teste
314 3717 435 3806 script.
454 3717 585 3788 Placit.
604 3721 647 3805 V,
668 3722 727 3788 24.
754 3723 827 3802 anic
850 3721 960 3802 donoc
984 3722 1124 3814 γίνεται
1144 3751 1165 3818 η
1153 3715 1358 3800 θάνατος.
1411 3787 1424 3804 ,

212 3813 349 3910 pase.
378 3816 574 3938 Διογένης
603 3825 638 3894 εἰ
657 3816 869 3894 sarrano*
891 3851 984 3914 αιμα
1005 3818 1244 3914 διαχεόμενον
1267 3826 1360 3917 πλη-

212 3911 321 4014 priora
338 3911 488 4010 μέντοι
506 3921 659 4013 φλέβας,
686 3917 803 3996 rond’
820 3929 858 3996 έν
876 3920 1004 4003 αὐτοῖς
1017 3919 1279 4018 περιεχόμενον
1292 3919 1360 3994 οἰέ-

213 4045 260 4116 ρα
276 4017 361 4094 οἷσιν
379 4019 426 4102 εἰς
438 4013 486 4092 rd
502 4021 633 4118 στέρνα
650 4023 711 4098 noi
727 4019 795 4122 τήν
806 4023 1230 4178 ὑπονιιμένηννιιοιέρα,
1246 4023 1361 4097 ὕπνον

261 4211 424 4224 'nn—n·—

288 4337 315 4398 Ι)
333 4338 404 4390 ldcm
422 4341 504 4396 babct
521 4341 613 4396 datm
631 4339 725 4394 xxti,
743 4355 769 4409 p.
786 4339 831 4395 41.
