2942 4996
197 370 248 445 fl
640 369 892 442 ΜΡΝ

197 543 380 631 annulli
375 521 458 634 lust,
490 546 725 638 probandum,
757 553 957 640 arguments
980 544 1160 639 repeteret
1214 524 1361 622 lleiudc·

196 635 278 719 uero
303 653 360 719 αι
354 637 420 718 lus
446 650 547 718 etiem
572 651 786 743 intelligitur,
824 652 884 740 qul
910 651 1067 723 accidere
1091 653 1258 744 potuerit,
1297 664 1349 738 ut,

194 753 308 842 quod
312 751 425 867 supin
442 771 518 844 cup.
547 751 595 820 18
621 754 718 822 nobis
742 753 923 844 probabile
948 753 1137 839 videbatur,
1171 756 1349 846 Diogenes

89 918 92 928 ,
192 837 626 952 impietlitipsluccoeurctor.
679 857 759 942 Quo
793 857 881 926 enim
913 857 1054 944 quisque
1078 856 1169 928 huuc
1193 868 1348 931 mutuum
1446 861 1447 934 l

191 965 317 1039 uotum
309 943 550 1030 οΡ6ιιισίοιιι
538 981 575 1028 un
593 955 815 1052 philosophia
829 959 937 1050 magis
955 958 1187 1048 amplectitur,
1215 969 1249 1027 et
1272 983 1352 1049 quo

191 1058 294 1127 litl'ue
315 1081 391 1128 eum
415 1061 451 1130 iu
477 1063 678 1182 explicanda
703 1083 814 1132 rerum
842 1060 973 1153 origine
999 1069 1033 1129 et
1057 1069 1174 1128 nature
1196 1081 1347 1152 regnare

189 1162 358 1253 patients
377 1173 423 1234 co
449 1165 557 1233 minus
577 1164 734 1232 deorum
766 1165 953 1233 interuentu
984 1172 1096 1232 utetur
1120 1183 1256 1232 necesse
1280 1173 1346 1252 est,
1446 1157 1447 1216 }

190 1283 301 1352 eoque
324 1250 585 1360 angustioribus
603 1267 725 1336 linibus
750 1266 910 1333 horum'
900 1289 934 1333 un
959 1287 1071 1333 rerum
1098 1273 1250 1334 naturum
1276 1267 1345 1335 cir

189 1367 391 1438 cumscuibet
414 1369 614 1459 imperium.
652 1367 711 1436 cf.
736 1368 913 1460 praeclare
938 1366 1029 1436 hauc
1060 1388 1133 1437 rem
1167 1389 1343 1458 exponen-

189 1476 259 1538 tem
280 1491 455 1540 ceusorem
487 1473 712 1562 Anaxagorae
743 1495 765 1539 α
789 1469 941 1543 Schuub.
974 1467 1068 1540 ed.
1058 1491 1094 1536 ιιι
1118 1466 1343 1561 Epheuuorid.

190 1571 346 1666 Gotting.
374 1571 486 1642 loeo.
511 1573 560 1644 St.
586 1571 649 1642 66.

293 1675 379 1770 Cup.
415 1675 476 1744 31.
528 1675 648 1746 Sed
638 1697 706 1744 ιαιιι
737 1674 881 1762 redcat,
923 1672 1015 1741 unde
1047 1671 1118 1744 huc
1151 1631 1343 1760 declinavit,

190 1775 387 1868 disputatio.
438 1779 693 1865 Quaerebemus
718 1777 825 1862 euim,
859 1797 965 1865 quum
991 1797 1107 1844 omnes
1133 1777 1246 1845 resin
1271 1775 1343 1848 huc

192 1880 321 1946 mundo
346 1901 391 1947 ex
416 1903 488 1948 sese
512 1883 657 1951 invicem
681 1880 834 1971 pendere
852 1879 1055 1964 viderentur,
1080 1899 1150 1967 quo
1168 1879 1241 1948 iure
1261 1880 1343 1949 inde

190 1979 311 2071 colligi
345 1991 476 2070 posset,
515 2003 632 2050 omnes
665 2004 706 2048 ex
729 2003 797 2048 uuo
824 1980 1014 2067 eodemque
1039 1981 1133 2051 initio
1159 2002 1229 2052 cese
1253 2004 1341 2073 pro-

188 2081 303 2152 iectus.
357 2082 505 2166 Quod
495 2105 562 2150 uum
588 2083 786 2153 Aristoteles
819 2082 989 2172 explicere
1013 2083 1152 2152 instituit
1177 2107 1219 2153 eo
1244 2087 1336 2171 loco,

187 2203 291 2274 quem
323 2205 425 2280 cupre
456 2185 491 2252 in
523 2193 605 2254 nott.
640 2187 685 2254 ud
710 2185 752 2252 fr.
778 2184 802 2253 Ρ
838 2205 878 2253 ex
912 2196 1008 2276 perte
1034 2185 1261 2271 laudavimus,
1293 2187 1340 2258 de

186 2292 302 2378 gener.
329 2295 365 2354 et
389 2307 476 2356 οοιι.
504 2287 539 2371 1,
566 2287 615 2357 6:
641 2287 717 2362 Καὶ
741 2287 857 2360 τοῦτο
884 2279 1004 2382 ὀρθοῖς
1030 2291 1123 2380 λε’γιι
1150 2289 1338 2388 Διογένης,
1446 2295 1447 2300 ’

186 2389 315 2479 inquit,
355 2386 415 2462 ὅτι
447 2393 482 2462 εἰ
502 2417 553 2487 μη
589 2387 633 2486 ἦν
660 2395 739 2472 ε’ξ”
721 2416 800 2469 ενος
825 2387 997 2477 ἅπαντα,
1039 2387 1103 2462 ουίι
1133 2391 1180 2463 ἄν
1213 2389 1257 2482 ἧν
1290 2389 1338 2466 τά

186 2497 305 2565 ποιεῖν
329 2491 390 2564 tui
416 2486 569 2582 πάσχειν
594 2492 644 2566 du
648 2485 865 2586 ἀλλήλων·
892 2490 972 2564 οἷον
994 2519 1037 2564 ιο
1057 2487 1199 2585 θερμον
1220 2489 1336 2588 ψάχι-

185 2601 278 2668 σθαι
308 2593 368 2666 ναὶ
400 2595 516 2667 τοῦτο
552 2593 824 2692 θερμαίνεσθαι
850 2586 969 2665 πάλιν.
1005 2591 1047 2666 οὐ
1073 2587 1143 2690 γάρ
1169 2595 1214 2668 άν
1239 2605 1336 2687 dep·
1337 2627 1340 2632 ·

183 2691 299 2792 μότηι
322 2687 546 2789 μεταβάλλει
572 2725 632 2769 νιαι
669 2693 732 2792 [η’]
769 2689 953 2792 ψυχρότης
979 2697 1028 2776 nl,-
1053 2695 1206 2816 ἄλληλα,
1241 2692 1334 2770 <illei
1446 2719 1447 2774 l

185 2797 317 2888 δῆλον,
345 2795 405 2868 ὅτι
431 2793 478 2870 νά
505 2797 752 2890 ὑποκείμενον
781 2794 872 2868 ὥστε
898 2802 937 2870 ἐν
964 2797 1017 2878 οἷς
1042 2793 1088 2870 τά
1114 2806 1232 2872 ποιιῖν
1256 2799 1334 2872 ἐστὶ

185 2925 242 2967 και
267 2923 312 2968 νο
340 2892 505 2986 πάσχειν,
533 2895 669 3018 ἀνάγκη
689 2893 831 2970 τούτων
854 2896 944 2989 μίαν
970 2897 1064 2972 εἶναι
1089 2895 1158 2996 τήν
1183 2899 1333 2977 άπονει-

183 2999 294 3094 με’ννγν
329 2995 451 3092 φύσιν
506 2993 565 3072 Τά
584 3001 664 3092 μεν
697 2997 763 3073 οὖν
797 2995 918 3074 πάντα
951 3002 1108 3074 τοιαῦτα
1142 2999 1240 3076 εἶναι
1266 3002 1335 3098 φά-

184 3125 282 3174 σνιιν
308 3103 373 3174 ον’νι
401 3097 555 3197 άληθει,
594 3098 676 3175 ἀλλ’
703 3107 741 3176 ἐν
767 3099 865 3183 ὅσοις
891 3096 938 3176 τά
965 3128 1012 3172 απ
1018 3095 1260 3195 dlln'luv’
1241 3132 1331 3177 εστι.
1446 3101 1447 3132 *

184 3200 290 3287 Quod
316 3213 354 3271 ut
377 3214 470 3274 recte
489 3205 711 3336 iptelligutur,
736 3204 931 3275 addendum
956 3203 1066 3288 estid,
1091 3201 1186 3291 quod
1213 3227 1289 3296 cup.
1305 3207 1331 3274 λ

183 3306 343 3399 exponit.
384 3303 466 3380 ἀλλ’
500 3309 577 3382 ἐπει
611 3305 654 3382 οὐ
688 3301 735 3382 τά
767 3335 879 3399 ταχον
914 3309 1048 3402 πέφυκε
1081 3299 1233 3396 πάσχειν
1268 3308 1330 3379 ναὶ

182 3417 321 3498 ποιεῖν,
359 3407 444 3484 ἀλλ’
478 3411 547 3485 ὅσα
581 3410 604 3508 ἢ
639 3410 788 3486 ἐναντία
814 3416 913 3484 ε’σνιν
945 3439 967 3505 η
1003 3407 1213 3484 ἐναντίωσιν
1238 3409 1328 3498 εχιν,

182 3505 356 3605 άνάγνη
382 3513 456 3583 uni
482 3541 534 3587 το
559 3514 726 3587 ποιοῦν
751 3512 825 3584 ναὶ
851 3507 902 3584 ud
928 3506 1106 3600 πάσχον
1132 3511 1328 3632 uuirdon

179 3608 263 3699 μὲν
299 3608 466 3738 ὄμσιον
499 3611 619 3686 εἶναι
652 3641 730 3686 ιιαι
765 3606 937 3700 ταῦτα,
969 3609 1087 3705 τῷδ’
1121 3616 1210 3686 uidet
1236 3603 1327 3684 άνά-

179 3732 291 3800 μονον
325 3711 385 3781 καὶ
418 3713 594 3787 ενανιίον.
621 3719 756 3808 πέφυκε
787 3709 856 3810 γάρ
885 3715 996 3831 σῶμα.
1015 3714 1083 3803 μὲν
1108 3709 1182 3786 duo
1209 3709 1327 3804 σάμα-

181 3839 264 3899 ιος,
307 3806 419 3903 χνμάς
452 3812 488 3886 d’
514 3811 588 3890 άπο
624 3816 760 3909 χυμοῦ,
803 3810 1016 3931 χράμαδ
1031 3806 1104 3884 dno
1110 3812 1329 3936 xpeipuruc

179 3909 341 4004 πάσχειν.
385 3911 493 3997 ὅλοις
527 3919 574 3990 δὲ
605 3947 657 3993 ιο
685 3915 902 4010 ὁμογενὲς
928 3908 1016 3987 duo
1041 3915 1125 3987 τοῦ
1151 3944 1327 4011 ομογι-

180 4017 292 4100 νοῦς
344 4018 450 4108 Atqui
482 4042 588 4108 quum
613 4021 785 4112 Diogenes
819 4019 939 4088 σαεαλα
972 4039 1015 4086 ex
1040 4041 1076 4086 se
1101 4018 1243 4089 invicem
1270 4027 1328 4086 aut

178 4123 334 4210 geneturi
365 4133 424 4191 unt
442 4122 577 4190 ΙἰΙιιΙοιῐ
582 4131 757 4206 statueret,
789 4145 877 4208 nun,
908 4123 1185 4206 anennoeton,
1219 4127 1327 4186 certes

179 4224 344 4309 quasdem
377 4249 430 4296 res
463 4251 504 4296 ex
530 4226 626 4296 certis
652 4226 853 4317 quibusdam
878 4226 970 4307 uliis3
985 4237 991 4246 '
1004 4231 1116 4316 putet,
1149 4217 1324 4308 quomodo

180 4345 221 4392 cx
246 4323 298 4392 luis
322 4339 480 4418 sequntur
505 4331 574 4401 eius
598 4333 780 4425 placitumt
805 4331 918 4400 omnia
939 4351 1011 4400 euee
1029 4345 1133 4398 uuum
1153 4321 1324 4412 idemque,
