2966 4990
225 403 288 466 ua
705 395 811 464 GAP.
831 402 883 464 dd.

119 553 124 565 ¹
225 591 391 642 exercere.
416 610 420 615 -
441 561 670 658 Praecipuum
693 577 805 637 autern
818 571 902 638 'eins
928 569 1079 638 officinm
1105 567 1206 639 fuisse
1226 571 1372 662 videtur,

224 684 262 765 nt
286 681 406 742 nerem
442 672 549 739 modo
579 672 802 740 immutatum
827 673 1041 764 impelleret,
1086 679 1124 740 ut
1158 684 1371 744 moueretur.

224 778 378 864 Namque
410 773 618 842 Aristoteles
657 773 721 862 (de
752 775 859 842 anima
888 773 929 854 l,
962 773 1003 863 2)
1036 773 1181 848 animam
1220 776 1373 869 Diogeni

225 886 335 946 motus
360 876 459 944 fuisse
485 896 618 943 oausam
645 885 818 942 asseverat.
877 876 1020 943 Videtur
1050 884 1164 943 autem
1196 877 1373 970 Diogenes

223 982 258 1047 in
291 979 392 1047 rebus
426 975 674 1046 conformandis
708 977 838 1084 duplici
870 978 985 1065 aliquo
1023 986 1118 1044 motu
1147 1000 1225 1046 usus
1255 981 1372 1101 fuisse,

224 1083 291 1172 qni
309 1073 431 1176 νοήσει
447 1079 587 1148 effectus
613 1087 714 1146 esset:
723 1077 865 1164 altero,
891 1101 960 1168 quo
976 1101 1091 1146 omnes
1113 1101 1165 1146 res
1192 1084 1274 1150 orbe
1293 1086 1372 1176 agi-

225 1193 390 1262 tarentur3
422 1185 548 1265 altero,
587 1201 657 1270 quo
681 1182 838 1272 graviora
874 1181 1049 1266 deorsum,
1087 1181 1216 1250 leviora
1240 1207 1372 1255 sursum

226 1287 402 1361 ferrentur
461 1287 575 1372 Atque
609 1282 667 1351 hio
700 1283 840 1370 quidem
874 1284 950 1350 satis
977 1284 1068 1352 clare
1094 1283 1299 1374 significatus
1325 1289 1371 1358 ab

227 1385 382 1456 Eusebio
408 1393 471 1464 est3
496 1383 584 1452 illius
608 1392 724 1454 contra
749 1407 817 1451 non
842 1385 903 1453 nisi
928 1385 1068 1475 vestigia
1094 1396 1269 1475 apparent.
1295 1391 1372 1458 Ειι-

228 1489 339 1559 sebius
365 1489 500 1577 (praep.
525 1507 644 1577 evang
672 1485 730 1556 lt.
755 1487 808 1554 ed.
834 1487 963 1578 Lutet.)
988 1493 1116 1554 autem.
1105 1487 1371 1614 ΜΗιιοσίιοιιοιοῖ,

228 1591 345 1680 inquit,
372 1587 495 1676 οὕτως,
512 1586 572 1660 ὅτι
598 1588 666 1660 τοῦ
689 1583 1069 1680 παντόςιιινοαμένοιι,
1098 1585 1210 1683 ιἦμέν
1238 1587 1371 1686 αραιοιι

229 1691 253 1791 ᾗ
280 1693 318 1766 δὲ
349 1690 485 1763 πυκνοῦ
523 1689 733 1782 γινομένου,
783 1689 879 1761 ὀποῦ
883 1683 1122 1832 συνεκύρησε
1151 1718 1196 1762 το
1236 1688 1372 1766 ποινόν

231 1787 439 1888 oeconomia
464 1785 652 1912 ποιήσαι,
655 1790 713 1862 καὶ
729 1787 824 1862 οὕτω
844 1819 892 1862 τα
917 1784 1038 1864 λοιποί
1047 1785 1078 1882 ¹)
1104 1785 1201 1862 ιιατοῖ
1225 1821 1293 1866 τον
1310 1793 1373 1868 αύ-

230 1891 297 1968 τόν
324 1889 429 1985 λόγον
457 1921 504 1964 τα
536 1886 749 2010 κουφότατα
781 1886 849 1986 τήν
880 1891 953 1963 ἅνω
980 1886 1082 1973 ταξιν
1107 1887 1272 1984 λαβόντα
1304 1892 1373 1970 ‘cdv

230 1995 333 2094 ἥλιον
366 1991 601 2065 ἀποτελέσαι·
640 1994 661 2060 i.
688 2017 717 2060 e.
743 2017 847 2081 quum
881 1986 928 2065 τό
953 1993 1025 2063 πᾶν
1051 1993 1119 2062 sive
1145 2001 1203 2062 aiir
1227 1996 1374 2067 infinitus

230 2105 440 2182 moveretur,
477 2104 510 2161 et
542 2094 664 2184 partim
697 2096 804 2162 rarior
830 2096 935 2162 fieret
967 2096 1091 2184 partim
1117 2096 1270 2183 densior,
1310 2100 1375 2170 obi

230 2199 400 2269 densiora
427 2203 690 2281 concurrerent,
717 2197 950 2288 conglobata
949 2219 1049 2264 essee
1062 2199 1153 2267 unde
1168 2200 1297 2289 reliqua
1313 2226 1374 2270 ex-

231 2311 315 2369 orta.
363 2297 562 2385 Eademque
586 2298 716 2366 ratione
742 2299 920 2366 levissima
945 2321 1104 2390 quaeque
1116 2304 1304 2392 superiora
1319 2306 1375 2373 lo-

231 2427 277 2473 ca
303 2400 514 2492 occupantia
546 2398 652 2467 solem
679 2400 893 2468 constituisse.
951 2401 1006 2467 Ex
1029 2399 1084 2470 his
1110 2425 1213 2491 quum
1238 2405 1375 2498 Dioge-

231 2529 289 2576 nes
312 2504 476 2573 levissima
500 2524 627 2568 sursum
652 2501 720 2569 lata
746 2525 816 2570 esse
842 2502 949 2582 dicat3
972 2505 1129 2593 graviora
1153 2526 1193 2574 ao
1218 2508 1376 2578 densiora

231 2607 379 2677 mediam
402 2603 517 2672 mundi
547 2613 678 2694 partem
708 2605 858 2694 petiisse,
890 2605 1039 2673 statuerit
1070 2629 1203 2676 neeesse
1236 2619 1302 2695 est,
1334 2621 1377 2680 ut

233 2734 335 2803 supra
360 2717 661 2776 commemoratum
688 2718 754 2788 est3
780 2715 881 2795 atque
905 2707 965 2776 hic
989 2706 1084 2775 haud
1112 2709 1215 2780 dubie
1243 2724 1292 2780 est
1317 2714 1376 2782 lo-

234 2835 313 2895 eus,
339 2811 398 2878 ubi
422 2810 480 2875 ilia
507 2809 735 2878 concurrerint
760 2811 846 2876 inter
870 2832 942 2877 sese
969 2818 1002 2876 et
1028 2831 1193 2881 concursu
1217 2837 1278 2882 suo
1303 2824 1375 2884 ter-

233 2935 306 2980 ram
333 2934 410 2980 cum
437 2911 589 2977 omnibns
614 2911 731 2992 rebus,
763 2932 851 2998 quae
876 2911 911 2978 in
936 2911 1011 3000 ipsa
1035 2922 1128 2996 sunt,
1170 2938 1376 3005 procreave-

233 3015 308 3082 rint.
360 3010 502 3079 Minime
526 3012 631 3102 igitur
654 3012 834 3100 probabile
860 3022 926 3095 est,
941 3013 1132 3104 Diogenem
1156 3017 1190 3082 in
1205 3020 1377 3088 inferiori-

233 3118 295 3184 bus
319 3123 446 3182 tantum
472 3113 557 3182 locis
582 3119 694 3180 adrem
721 3113 960 3183 condensatum
986 3138 1074 3200 esse,
1109 3120 1274 3201 statuisse;
1303 3123 1376 3190 imo

234 3217 379 3286 dubitari
404 3217 537 3305 nequit,
572 3216 652 3303 quin
684 3221 743 3282 adr
769 3237 811 3283 ex
837 3216 906 3283 eius
933 3218 1108 3297 sententia,
1146 3222 1203 3288 ubi
1227 3224 1377 3313 primum

232 3323 477 3403 immutaretur,
511 3319 701 3409 promiscue
727 3318 797 3385 aliis
821 3317 856 3384 in
880 3317 965 3386 locis
998 3318 1131 3388 densior
1155 3323 1190 3389 in
1222 3325 1294 3392 aliis
1317 3350 1377 3394 ra-

232 3424 301 3490 rior
332 3423 509 3507 exstiterit,
543 3430 643 3509 atque
664 3420 734 3487 hoo
763 3421 901 3487 demum
923 3427 1039 3504 motn,¹
1074 3421 1209 3510 dequo
1231 3427 1378 3516 agimus,

232 3546 388 3610 quaeque
409 3524 511 3612 ipsius
532 3521 699 3612 particula
725 3522 876 3589 insnum
902 3523 1078 3611 proprium
1097 3522 1212 3590 locum
1234 3548 1380 3596 conces-

202 3633 205 3638 '
232 3623 320 3692 serit.
353 3623 508 3710 Denique
521 3624 575 3690 vix
589 3623 711 3690 idonea
727 3644 827 3690 causa
840 3623 1024 3712 excogitari
1036 3627 1161 3712 possit,
1190 3647 1250 3696 our
1274 3631 1380 3698 etiam

232 3744 320 3792 nuno
335 3717 460 3790 leviora
475 3746 632 3814 corpora,
658 3724 750 3789 velut
762 3729 820 3788 aiii
840 3731 874 3788 et
888 3723 985 3811 ignis,
1009 3748 1136 3813 aquae,
1161 3737 1269 3798 terrae
1284 3733 1379 3800 aliis-

232 3850 299 3916 que
313 3811 522 3917 gravioribus
536 3835 569 3892 et
583 3822 789 3892 densioribus
803 3823 903 3890 rebus
922 3825 1092 3894 immixtae
1111 3829 1380 3918 deprehendan-

231 3941 305 4015 tur,
330 3925 462 4018 iapidos
478 3947 559 3996 vero
573 3926 607 3994 in
620 3932 698 3993 aere
713 3926 933 4012 retineantur,
946 3926 1008 3995 nisi
1027 3937 1084 3997 aut
1103 3951 1123 3997 a
1136 3935 1249 4022 primo
1264 3958 1380 4004 rerum

235 4121 444 4135 ——ssu

303 4230 392 4296 1)lta
417 4230 488 4284 haud
511 4228 590 4282 dubie
612 4227 658 4283 bie
678 4229 752 4284 loeus
759 4229 988 4316 intemuugmdus
1005 4237 1053 4289 ert.
1094 4233 1184 4304 Vulgo
1200 4251 1254 4291 ιιιιο
1269 4240 1380 4292 terrore.

235 4293 283 4350 eat
300 4294 426 4350 odam
391 4297 528 4356 naturaei
544 4297 615 4357 κατὰ
631 4295 682 4356 adu
699 4295 788 4356 αὐτὸν
803 4296 895 4369 λόγον
