2942 4996
194 461 242 533 ἰι
653 453 670 464 ”
642 449 797 527 ιιι
804 443 885 527 la*

194 625 311 708 *nebit
349 625 485 702 Thalea
509 629 608 700 enim
618 623 783 702 Milesius
800 621 916 728 quum
939 613 1123 700 animatum
1149 636 1183 698 et
1204 627 1348 699 danmo-

191 743 298 811 'u'ibus
327 737 469 834 plenum
495 733 666 804 mundam
682 757 755 804 esse
779 721 926 820 «lueret,
958 733 1117 826 prolecto
1145 731 1240 800 nibil
1254 719 1347 803 aliud

197 843 260 911 sibi
280 840 406 921 voluit,
432 857 535 928 quam
559 847 597 906 ut
616 828 877 923 demonstraret,
901 859 966 927 per
987 844 1092 904 totam
1108 823 1222 903 rerum
1247 845 1347 905 nata-

196 939 271 1012 ram
294 943 364 1010 vim
386 941 533 1031 aliquam
555 950 747 1010 moventem
770 961 966 1034 permeare,
992 961 1061 1027 qua
1083 959 1198 1006 omnes
1221 959 1274 1006 res
1289 947 1349 1008 aut

144 1127 147 1137 .
193 1045 346 1116 oriantur
375 1053 433 1112 aut
459 1045 652 1112 intereantt·
669 1052 707 1112 ut
734 1041 945 1113 clarissime
935 1062 1003 1109 ram
1032 1041 1228 1109 Aristoteles
1256 1040 1348 1112 bano

197 1171 271 1230 rem
296 1146 434 1238 exponit
456 1146 525 1236 (de
543 1147 666 1215 Anima
690 1143 868 1236 1,2,8.).
919 1143 1055 1212 Eodem
1076 1142 1183 1211 modo
1205 1141 1347 1236 Anaai7

198 1250 391 1333 mandram
413 1245 565 1346 ἄπειρον
590 1248 696 1336 illud,
729 1247 824 1337 quod
851 1269 964 1316 rerum
993 1247 1196 1336 principium
1217 1244 1348 1334 babuit,

199 1365 382 1441 nunquam·
402 1360 498 1417 motu
526 1371 663 1436 vacare,
690 1349 838 1420 statuisse
868 1359 1012 1433 constat,
1047 1358 1098 1435 ut,
1125 1371 1230 1436 quum
1254 1347 1349 1416 idem

202 1455 306 1524 deum
329 1452 500 1544 appellet,
526 1452 581 1520 rix
604 1452 749 1520 dubitari
772 1450 894 1542 possit,
920 1449 1001 1538 quin
1019 1449 1053 1516 in
1072 1448 1140 1518 han
1168 1449 1289 1520 eadem
1315 1448 1356 1518 vi

200 1567 360 1628 movente
390 1553 538 1622 divinam
561 1566 713 1622 naturam
743 1554 947 1623 collocatam
977 1552 1154 1642 putaverit.
1205 1551 1353 1622 Anani-

200 1681 321 1736 manes
335 1666 456 1729 autem
477 1679 583 1747 quum
602 1657 729 1726 animos
750 1656 864 1723 divino
882 1654 1006 1723 numini
1028 1661 1191 1745 cognatos
1208 1653 1350 1738 diceret,

202 1777 329 1883 eosque
355 1767 490 1845 adreos,
523 1767 635 1830 airam
659 1760 696 1826 vi
725 1758 873 1826 drvma
864 1781 886 1825 ι
910 1783 939 1826 e.
971 1766 1128 1826 movente
1156 1755 1350 1847 praeditum

201 1859 353 1983 posuisse
367 1863 604 1963 intelligitur.
631 1862 790 1950 Sequitur
809 1861 1016 1930 Heraclitus
1034 1859 1223 1953 Ephesius,
1248 1881 1352 1946 quem

200 1966 333 2080 ignem,
367 1983 480 2048 equo
503 1957 666 2028 mundum
694 1965 878 2044 conderet,
906 1972 1042 2028 aeterno
1066 1971 1160 2027 motu
1187 1959 1351 2049 agitatum

203 2063 425 2144 existimasse,
451 2061 659 2129 notissimum
679 2070 738 2130 est.
792 2062 876 2143 Quis
897 2061 985 2127 enim
1004 2070 1071 2147 est,
1098 2060 1156 2147 qui
1177 2061 1351 2149 rapidissi-

201 2189 295 2256 mum
325 2163 410 2231 illud
436 2162 623 2248 flumen,
614 2185 653 2240 m
673 2161 766 2250 quod
790 2161 840 2229 bis
869 2183 910 2229 en
934 2161 1003 2228 eius
1025 2162 1185 2228 sententia
1206 2162 1350 2230 descen-

140 2287 175 2320 ··
202 2268 284 2344 dene
315 2287 480 2352 nequeaS,
517 2265 573 2332 vel
602 2264 690 2332 viam
721 2265 827 2332 illam
846 2287 975 2333 sursum
1004 2263 1162 2332 deorsum
1188 2264 1363 2356 ignoret?¹
1452 2319 1453 2342 ,

201 2369 274 2440 Sed
297 2368 389 2435 idem
410 2367 508 2435 etiam
522 2366 633 2454 fusius
657 2367 702 2434 de
727 2365 828 2434 animi
850 2390 882 2434 ιι
872 2366 1055 2434 rationali
1073 2367 1183 2458 egisse
1206 2367 1349 2436 videtur.

200 2475 291 2544 Nam
311 2470 523 2589 purissimum
542 2470 675 2566 iguem,
702 2470 760 2558 qui
780 2469 956 2558 quidem'
939 2497 977 2542 sa
998 2496 1048 2562 τῳ
1060 2469 1278 2589 περιέχοντι
1300 2470 1351 2554 sit,

201 2573 421 2655 rationalem,
455 2565 502 2644 ad
532 2571 736 2689 φρειηιιὲς,
753 2572 967 2662 appellabat,
1000 2571 1194 2659 variamque
1220 2573 1351 2640 animo·
1390 2637 1394 2644 .

202 2701 278 2746 rum
298 2674 546 2768 praestantiam
558 2673 680 2741 avaria
703 2673 802 2742 huius
817 2697 895 2743 cum
915 2684 1047 2741 terrena
1072 2682 1105 2740 et
1121 2672 1264 2742 humida
1287 2699 1351 2742 na-

201 2785 279 2849 ¹tura'
301 2778 535 2870 coniunctione
551 2775 735 2844 derivabat.
774 2775 1013 2868 Xenophanes
1029 2777 1151 2865 autem,
1178 2771 1237 2864 qui
1250 2779 1351 2845 etiam

204 2891 282 2950 ante
313 2879 522 2946 Heraclitum
554 2878 634 2961 fuit,
667 2871 713 2948 ad
735 2876 796 2964 ὂν,
821 2879 916 2968 quod
944 2878 1075 2970 posuit,
1103 2878 1251 2947 divinum
1279 2901 1352 2964 esse

205 2980 333 3064 statuit,
368 2979 482 3046 omnia
511 2987 689 3068 penetrans
723 2979 814 3054 ιι,ιί
841 3004 901 3048 sua
933 2983 1122 3064 continens,
1158 2984 1352 3068 maximum,

204 3081 464 3165 ualidissimum,
490 3089 561 3165 tota
587 3103 645 3147 sua
675 3089 791 3147 natura
816 3084 986 3172 cogitans,
1012 3083 1165 3170 audiens,
1191 3085 1352 3170 sentiens3

204 3175 354 3273 itemque
378 3181 503 3252 deinde
523 3179 760 3251 Parmenides
776 3185 981 3275 cogitantem
1004 3185 1042 3252 id
1064 3185 1260 3275 appellabat
1289 3209 1354 3264 aaz

203 3295 332 3372 tutam,
358 3287 490 3374 aliaque
513 3287 545 3353 ei
565 3285 735 3377 tribuebat
757 3287 880 3376 multa,
905 3311 994 3377 quaa
1015 3311 1036 3353 a
1056 3310 1296 3378 corporearum
1318 3297 1355 3356 et

204 3398 437 3464 concretarum
466 3411 579 3457 rerum
604 3391 721 3457 natura
749 3389 943 3468 abhorrent.
993 3387 1145 3480 Denique
1171 3389 1354 3484 Empedo·
1452 3405 1453 3416 ¹

205 3495 297 3577 cles,
331 3495 557 3588 Anaxagorae
586 3491 752 3580 aequalis,
772 3532 839 3579 ¹—
870 3495 968 3560 mitto
1001 3493 1088 3560 enim
1120 3493 1352 3586 Leucippum,

203 3590 365 3697 quoniam
389 3615 457 3659 non
484 3594 559 3660 satis
582 3603 729 3710 constat,
756 3593 840 3680 quid
869 3595 953 3684 ipsi,
979 3595 1105 3683 quidve
1131 3596 1193 3662 soli
1221 3590 1353 3664 llemo-¹

205 3689 290 3763 crito
312 3693 527 3761 tribuendum
548 3692 726 3776 sitands,
753 3717 842 3783 quae
863 3704 1052 3765 atomorum
1074 3687 1268 3766 defensores
1285 3697 1352 3766 do-

132 3854 135 3859 .
203 3789 311 3865 ouisse
334 3793 509 3861 traduntur
527 3831 580 3846 -
598 3795 829 3886 Empedocles
849 3807 978 3882 antem,
1005 3800 1133 3866 etiamsi
1149 3800 1251 3890 ipsius
1268 3799 1352 3891 phi·
1392 3795 1399 3804 “
1452 3855 1453 3868 ,

204 3889 403 3988 losophia
393 3919 429 3963 ιιι
459 3896 695 3989 Anaxagorae
721 3898 873 3988 doctrina
908 3899 1152 3969 conformanda
1182 3904 1251 3969 vim
1282 3923 1351 3969 non
1452 3911 1453 3924 ¹

203 3991 380 4082 babuerit,
419 3997 680 4066 luculentissimo
716 4009 828 4071 tamen
857 4004 1020 4122 exemplo
1054 4024 1133 4089 suo,
1172 4005 1352 4095 diligenter
1452 4031 1453 4056 ι

204 4102 273 4170 iam
296 4111 369 4170 tum
390 4097 649 4191 philosophos
639 4124 674 4168 m
695 4104 900 4195 explicandis
922 4105 1023 4172 animi
1042 4106 1165 4175 viribus
1185 4117 1219 4175 et
1241 4105 1350 4173 facul-

206 4189 329 4296 tatibus
356 4211 541 4323 occupatos
563 4200 681 4288 fuisse,
708 4207 882 4288 ostendit
914 4207 968 4274 Ex
995 4207 1048 4276 his
1069 4231 1152 4281 vero
1173 4206 1358 4310 disputatis,

210 4287 331 4394 sponte
351 4306 445 4396 sequi
469 4304 622 4389 arbitror,
647 4306 829 4390 coniunctis
849 4277 984 4376 illorum
1008 4311 1182 4379 laboribus
1205 4331 1350 4394 summas

210 4413 244 4474 et
263 4413 425 4493 tanquam
437 4407 633 4514 cardinales
647 4413 718 4478 tam
733 4407 883 4479 annalis
901 4433 1003 4500 quam
1027 4412 1196 4480 rationalis
1210 4415 1349 4480 naturae
