2966 4990
518 387 830 512 .cmmm
1211 439 1275 502 m

130 627 201 679 esse
217 607 322 698 quum
333 602 374 680 ex
389 608 428 678 iis
441 609 566 699 elucet,
596 631 684 697 quae
697 607 768 678 buo
780 627 886 696 usque
904 605 1074 698 disputata
1089 614 1176 691 sunt,
1201 614 1275 675 tum

129 710 251 781 clarius
274 714 375 781 etiam
393 712 572 804 apparebit
590 734 633 779 ex
648 711 703 794 iis,
729 732 817 798 quae
834 710 996 800 deinceps
1017 710 1181 780 dicentur.
1320 775 1323 780 .

231 814 318 906 Cap.
335 813 396 882 64.
421 815 643 882 Aristoteles
659 811 833 902 (Metaph.
846 811 882 895 l,
892 811 927 884 3.
946 811 1024 879 Vid.
1036 812 1160 880 netad
1175 811 1274 901 fall)

129 917 372 988 Anaximenem
390 924 424 984 et
437 916 629 1006 Diogenem
652 915 687 982 iu
711 920 789 981 ae're
811 913 1015 1004 simplicium
1031 914 1177 982 maxime
1196 933 1276 982 cor·
1337 941 1340 948 ¹

128 1039 253 1108 porum
279 1019 430 1109 posuisse
455 1018 620 1108 originem
644 1017 832 1108 profitetur.
886 1015 991 1100 Quod
1015 1017 1042 1084 si
1060 1016 1105 1083 ad
1129 1025 1275 1105 quatuor

128 1120 190 1186 ista
212 1122 256 1188 ab
278 1120 495 1209 Empedocle
517 1120 650 1188 inventa
676 1119 859 1200 elementa,
888 1124 1017 1202 ae'rem,
1044 1118 1178 1209 ignem,
1203 1127 1276 1186 ter·-

128 1245 221 1304 ram,
248 1245 390 1309 aquam,
416 1222 560 1306 referas,
586 1222 641 1288 vix
665 1228 757 1290 recte
782 1242 817 1287 se
840 1218 971 1288 habere
992 1243 1110 1310 posse,
1142 1221 1273 1288 Dittero

129 1345 230 1412 supra
244 1323 311 1390 iarn
329 1323 443 1414 largiti
462 1345 583 1390 snmus.
635 1321 808 1412 Diogenes
830 1320 918 1388 eniin
940 1322 1071 1390 disertis
1087 1323 1198 1391 verbis
1217 1323 1272 1390 in-

128 1446 295 1492 numerus
314 1447 384 1493 esse
406 1424 488 1491 a'e’ris
507 1419 729 1518 ἑτεροιώσεις
744 1423 896 1492 declarat
919 1422 961 1489 fr.
984 1425 1044 1508 Vl,
1069 1442 1176 1511 quae,
1202 1445 1273 1511 quo

129 1527 236 1594 modo
256 1547 334 1596 eum
355 1536 499 1614 quatuor
517 1526 688 1594 elementis
713 1525 920 1614 congruant,
946 1523 1089 1594 difficile
1104 1524 1196 1592 dictu
1213 1532 1271 1591 est.

129 1627 243 1711 Quare
262 1627 475 1694 Aristotelem
489 1626 648 1714 equidem
667 1624 949 1720 dixissearbitror
963 1648 1003 1693 ea
1026 1625 1100 1693 fere
1115 1647 1271 1714 corpora,

128 1751 218 1816 quae
231 1729 303 1816 ipse
317 1729 518 1817 plerumque
529 1724 734 1820 ὁμοιομερῆ
750 1727 912 1816 appellat,
937 1728 1060 1817 passim
1076 1751 1157 1796 vero
1171 1728 1273 1794 etiam

129 1822 228 1900 ιὶιιλιῖ
243 1823 395 1912 σώματα
411 1829 521 1919 (velut
534 1829 568 1896 d.
582 1837 668 1919 part.
685 1829 818 1896 animal.
836 1828 922 1926 2,.1.
938 1853 974 1920 p.
988 1827 1074 1899 484.
1091 1830 1155 1898 Du
1177 1828 1270 1899 Vult.

129 1931 243 2020 alib.):
268 1931 370 2018 quod·
383 1953 423 1998 ex
438 1955 478 1999 ea
493 1931 638 2014 ratione,
659 1952 731 2048 qua
744 1931 915 2021 Diogenes
929 1933 1124 2020 qualitatum
1136 1933 1272 1999 istarum

129 2033 175 2100 ad
193 2039 306 2100 alitem
327 2055 462 2102 accessu
484 2056 595 2100 rerum
619 2033 765 2123 origines
789 2033 996 2122 explicabat,
1023 2034 1156 2104 elucere
1176 2033 1272 2101 vide

128 2144 192 2203 tur.
245 2136 380 2204 Etenim
403 2142 477 2254 adr,
503 2136 599 2202 simul
625 2135 878 2228 aequalitatem
907 2136 1054 2226 aliquam
1077 2134 1271 2222 ostenderit,

128 2237 319 2342 immutatus
333 2247 400 2321 est,
427 2239 543 2326 reique
564 2237 675 2305 factae
696 2238 845 2327 speciem
868 2261 951 2328 prae
975 2263 1012 2307 se
1031 2239 1098 2307 fert
1118 2249 1152 2308 et
1173 2247 1273 2306 uatu-

67 2423 74 2427 Π
128 2347 237 2424 ram.
244 2333 391 2444 imm
410 2362 479 2407 nou
503 2340 609 2407 omnis
624 2345 680 2406 aer
704 2339 748 2407 ad
766 2351 932 2408 extremos
950 2341 1139 2408 mutationis
1156 2339 1272 2406 termi-

127 2405 408 2534 nospeilnanrsse
438 2442 608 2532 putandus
640 2450 705 2510 est.
747 2441 895 2526 quodsi
924 2441 1052 2510 factum
1085 2417 1273 2526 eD,totus
1396 2436 1399 2446 ’

126 2545 284 2610 mundus
276 2541 415 2634 psa-stim
444 2541 664 2632 frigidissimis
689 2540 791 2607 rebus
811 2549 992 2627 constaret,
1032 2541 1155 2631 partim
1187 2541 1272 2609 cali-

127 2644 304 2720 dissimis3
333 2666 374 2711 ex
401 2664 472 2730 quo
504 2663 664 2731 magnam
691 2641 775 2708 aeris
801 2644 970 2732 partem
961 2665 995 2710 ιιι
1026 2643 1146 2711 mediis
1177 2643 1273 2731 quasi

127 2734 482 2831 qualitatum‘illarurn
505 2744 668 2834 gradibus
696 2744 876 2814 substitisse
906 2753 1009 2834 patet.
1061 2745 1136 2813 Hos
1159 2754 1272 2813 tamen

127 2846 258 2913 medios
284 2847 480 2934 qualitatum
507 2845 634 2936 gradus
658 2854 803 2934 quatuor
831 2848 1005 2915 elementis
1029 2847 1190 2918 contineri
1214 2847 1271 2914 vel

126 2947 205 3014 inde
231 2970 352 3037 parum
382 2948 546 3016 credibile
573 2956 636 3031 est,
678 2943 792 3036 quod,
825 2972 929 3037 quum
955 2949 1015 3018 aiir
1043 2950 1178 3041 ipsein
1208 2972 1270 3018 eo-

126 3071 200 3116 rum
224 3072 365 3116 numero
386 3049 506 3119 haberi
530 3058 692 3137 nequeat,
718 3052 753 3118 in
768 3051 873 3119 altera
891 3061 987 3144 parte
1009 3053 1096 3138 duo,
1122 3075 1212 3141 aqua
1236 3059 1271 3120 et

126 3161 232 3234 terra,
257 3152 290 3218 in
305 3152 412 3220 altera
432 3162 549 3222 contra
573 3152 663 3220 solus
684 3153 771 3243 ignis
792 3155 968 3242 ponendus
991 3154 1048 3222 sit:
1073 3155 1167 3240 quod
1190 3176 1269 3220 sane

126 3252 380 3320 incommodum
397 3263 463 3337 est,
486 3275 598 3341 neque
612 3254 685 3320 ullo
709 3256 744 3321 in
767 3256 936 3342 omnibus,
964 3278 1053 3342 quae
1073 3254 1119 3321 de
1136 3254 1270 3342 Dioge-

126 3354 175 3420 nis
199 3353 421 3444 philosophia
440 3356 546 3422 relata
570 3363 660 3438 sunt,
692 3355 835 3444 vestigio
855 3353 1099 3425 confirmatur?
1151 3353 1271 3439 Quid?

126 3457 221 3544 quod
242 3479 300 3540 ea,
327 3479 415 3546 qnae
438 3455 646 3525 Censorinus
668 3455 726 3544 (d.
744 3456 800 3523 die
818 3468 883 3528 nat.¹
900 3458 969 3547 Vl)
988 3457 1180 3547 Diogenem
1203 3456 1270 3522 do-

128 3558 234 3626 cuisse
257 3569 369 3626 narrat
388 3560 432 3626 de
455 3556 598 3626 foetus
588 3577 622 3624 ru
638 3567 735 3625 utero
752 3560 864 3625 matris
890 3557 1173 3646 conformatione,
1200 3566 1269 3626 sta-

125 3660 187 3726 tim
201 3659 245 3724 ad
262 3662 394 3752 singula
411 3683 522 3728 rerum
538 3682 664 3750 genera
678 3681 755 3727 eum
777 3660 974 3749 perrexisse,
999 3637 1268 3750 Empedoclem-

126 3781 194 3876 que
212 3760 407 3829 elementa
397 3784 431 3829 ιιι
450 3785 561 3830 rerum
583 3763 802 3851 generatione
824 3773 861 3830 ut
883 3763 1086 3854 principales
1104 3762 1269 3851 quasdam

126 3860 210 3927 aeris
226 3861 390 3931 immutati
405 3865 549 3943 formas,
576 3864 732 3950 equibus
752 3866 838 3932 inter
856 3887 892 3932 se
909 3867 1094 3935 coniunctis
1112 3875 1146 3930 et
1160 3862 1269 3930 mixtis

124 3961 276 4049 reliquae
291 3985 343 4032 res
358 3964 502 4034 effectae
519 3965 599 4051 sint,
626 3965 728 4054 plane
743 3967 937 4059 neglexisse,
962 3977 1030 4035 tam
1048 3969 1139 4038 clare
1150 3973 1268 4031 ⁴osten-

126 4063 227 4148 duut‚
254 4073 291 4130 ut
309 4068 417 4136 omnis
435 4066 634 4155 disceptatio
654 4068 783 4135 sublata
805 4093 876 4138 esse
895 4070 1056 4138 videatur.
1109 4065 1268 4134 Censori-

124 4189 186 4234 nus
204 4166 294 4232 enim
317 4167 509 4260 Diogenem
527 4190 568 4235 ex
587 4167 733 4242 humore
752 4172 864 4260 primo
883 4173 927 4240 ait
946 4192 1080 4240 caruem
1101 4168 1175 4237 lieri
1194 4168 1267 4234 exi-

125 4268 286 4348 stimasse3
311 4277 383 4336 tum
399 4293 440 4338 ex
455 4292 554 4339 carue
570 4291 642 4336 ossa
658 4273 842 4362 nervosque
859 4282 894 4340 et
909 4283 1036 4342 celeras
1054 4281 1167 4362 partes
1183 4293 1264 4338 ena-

125 4370 189 4438 sci:
214 4392 283 4460 quo
298 4370 331 4440 iu
350 4373 429 4444 loco
443 4371 537 4442 nulla
551 4394 660 4462 neque
676 4397 784 4464 aquae
798 4399 908 4466 neque
920 4383 1030 4446 terrae
1046 4397 1157 4465 neque
1174 4373 1263 4463 ignis

1007 4679 1065 4758 *ts

1078 4775 1090 4792 ,
