2942 4996
590 419 768 495 ‘caesa
1224 375 1269 505 a
1296 365 1302 373 ’

111 612 278 690 xagaram
304 599 337 662 et
362 591 604 664 Anaximenem
628 615 746 663 revera
771 585 1006 686 interponam
1032 585 1112 664 esser
1127 600 1272 686 tempo-r

112 698 158 765 ris
192 698 339 789 spatium
370 697 465 766 claro
497 698 615 785 aliquo
644 698 781 767 nomine
814 718 978 786 vacuum,
1019 687 1094 786 qua
1110 698 1196 766 'sola
1228 721 1267 769 re

113 799 213 868 buius
238 800 365 868 ordinis
391 801 491 894 series
515 793 702 891 interrupta
727 788 762 866 'et
786 799 873 869 tides
896 799 1005 870 fracta
1034 808 1091 870 est.
1143 800 1275 888 Neque

113 902 198 984 iam,
225 925 333 992 quum
358 903 583 972 Anaximene
599 914 690 971 aetas
715 904 750 969 in
775 901 867 973 hane
891 903 1135 973 successionem
1157 903 1275 973 minus.

114 1005 282 1093 quadrare
300 1005 495 1093 ¹videretur,
510 1015 656 1082 'temere
675 1027 751 1074 earu
776 1029 818 1074 ac
843 1006 936 1073 vario
960 1005 1065 1075 modo
1088 1005 1161 1098 lrue¹
1184 1005 1267 1092 illqc

113 1117 256 1206 motam⁸
274 1117 309 1177 et
333 1110 496 1175 variatam
522 1131 594 1176 esse
618 1106 800 1177 miraberis.
854 1107 972 1191 Quid?
997 1106 1093 1200 quod
1120 1108 1267 1194 luerunt,

113 1210 190 1300 qui,
216 1232 319 1300 quum
345 1231 548 1299 quocunque
572 1219 797 1297 verterentur,
827 1219 943 1280 antas·
962 1212 1088 1300 ubique
1114 1209 1268 1279 difficul-

114 1303 372 1380 tates'sobstare
388 1313 575 1399 riderent,
622 1324 659 1382 ut
684 1313 738 1380 de
761 1314 801 1382 iis
833 1313 1001 1382 solvendis
1037 1314 1273 1404 desperarent,

113 1415 216 1507 ipsius
235 1416 478 1486 Anaximenem
492 1415 702 1496 Parmenidis
723 1413 928 1508 discipulum
942 1417 1047 1485 fuisse
1065 1410 1267 1505 dicerentll.

113 1518 450 1594 Thaletem-deinde
482 1529 584 1608 atque
609 1518 896 1589 Anaximandrum
924 1527 1057 1590 constat
1087 1517 1190 1600 fuisse
1216 1517 1269 1592 ci-

112 1643 171 1689 res
198 1629 232 1688 et
257 1624 431 1710 aequales,
465 1622 525 1689 sed
552 1620 644 1692 hunc
670 1630 778 1691 aetate
804 1614 922 1712 paullo
948 1622 1127 1689 minorem.
1168 1618 1276 1701 Quae

28 1789 30 1802 ,
114 1739 221 1809 quum
246 1722 293 1788 ita
318 1707 399 1806 sint,
425 1743 493 1790 non
519 1722 761 1812 dubitandum,
787 1724 867 1811 quin
893 1721 1142 1791 Anaximander
1166 1719 1269 1790 Tha-

114 1824 189 1890 letis
210 1822 398 1890 doctrinam
422 1824 595 1914 cognitam
610 1823 784 1904 habuerit3
809 1824 901 1892 unde
921 1821 1178 1913 quodammodo
1197 1821 1269 1890 'eius

114 1924 300 2014 discipulus
325 1925 393 1994 dici
418 1933 547 2015 potest:
580 1925 736 1993 simodo
764 1948 840 2000 eum
873 1926 944 1995 lroc
973 1925 1110 1994 nomine
1141 1923 1268 2015 appel-

114 2027 188 2095 lare
212 2027 331 2110 liceat,
380 2028 438 2115 qui
464 2016 603 2097 alicuius
637 2025 764 2095 audivit
790 2028 996 2113 doctrinam,
1038 2028 1177 2100 etiamsij
1191 2048 1268 2096 eam

113 2150 182 2197 non
207 2138 340 2198 secutus
371 2130 421 2198 sit.
475 2128 759 2200 Anaximandrum
786 2140 900 2227 autem
925 2150 994 2200 uon
1020 2139 1172 2201 secutum
1196 2135 1268 2200 esse

113 2231 272 2306 Thaletis
298 2231 485 2322 dogmata,
526 2231 588 2301 sed
613 2255 736 2302 novam
769 2235 916 2323 aliquam
943 2234 1160 2325 proposuisse
1184 2230 1269 2323 phi·

115 2334 330 2424 losophiam,
357 2335 641 2403 demonstratione
666 2357 735 2403 non
761 2346 858 2428 eget3
892 2359 960 2425 qua
986 2337 1032 2406 de
1058 2359 1157 2406 causa
1183 2354 1269 2402 con-

115 2447 240 2506 stanter
265 2438 459 2527 uegandum
485 2429 655 2526 videtur,
678 2461 756 2506 eum
782 2439 938 2508 Thaletis
963 2439 997 2504 in
1023 2438 1144 2506 schola
1169 2435 1270 2502 fuisse

115 2558 351 2610 successorem.
401 2542 533 2625 Quibus
560 2541 736 2630 disputatis
761 2541 844 2608 iure¹
857 2549 1000 2608 statuere
1026 2538 1114 2610 mihi
1139 2536 1269 2621 videor,

113 2641 168 2710 his
195 2643 349 2711 omnibus
375 2641 739 2733 philosophislonicis
764 2642 894 2710 nullam
924 2643 1025 2712 aliam
1050 2639 1270 2718 intercessisse

113 2745 407 2833 necessitudinem,
433 2746 495 2812 nisi
520 2744 615 2831 quod
642 2765 758 2810 ornnes
778 2744 812 2810 in
830 2743 1039 2811 naturalium¹
1055 2763 1167 2810 rerum
1187 2761 1271 2810 cau·

113 2848 156 2915 sis
185 2846 387 2936 indagandis
413 2847 557 2913 maxime
581 2833 815 2930 versabantur,
840 2867 904 2914 nec
930 2845 1034 2937 plane
1058 2846 1176 2936 ignota
1199 2851 1271 2912 erat

113 2949 213 3016 alteri
239 2947 373 3015 alterius
398 2947 563 3032 doctrina,
588 2968 631 3015 ex
657 2970 727 3036 quo
749 2948 926 3018 manifesto
950 2957 1105 3040 apparet,
1132 2969 1269 3016 omnem

113 3050 208 3118 lranc
233 3071 350 3122 eorum
377 3052 621 3120 successionem
642 3050 757 3119 fictam
781 3075 852 3121 esso
878 3053 1041 3141 nulloque
1056 3049 1271 3143 prorsussni-

113 3175 193 3223 xam
220 3153 319 3220 tirrno
345 3152 588 3236 fundamento,
614 3173 655 3222 ae
680 3162 753 3222 tum
774 3154 918 3250 ‚demum
944 3156 1129 3239 inventam,
1163 3174 1270 3241 quum

114 3255 294 3344 διαδοχῶν
320 3259 502 3347 scriptores
527 3257 683 3325 exsistere
708 3259 915 3345 coepissent,
942 3280 1087 3345 quorum
1109 3255 1270 3342 antiquis-

112 3359 205 3444 simi,
231 3380 317 3446 quos
342 3360 504 3444 novimus,
530 3357 650 3425 Sotion
676 3367 711 3425 et
735 3358 931 3444 Sosicrates,
958 3359 1107 3427 virdun
1134 3380 1164 3423 a.
1183 3354 1269 3426 chr.
1391 3347 1403 3373 '

113 3485 145 3530 n.
173 3462 307 3531 saecula
334 3461 452 3530 vixisse
477 3459 642 3540 videntur.
682 3460 763 3528 Hoc
788 3470 881 3530 certe
906 3482 968 3548 per
993 3481 1029 3526 se
1055 3458 1184 3530 clarum
1209 3463 1269 3541 est,

113 3565 188 3632 tieri
213 3586 282 3632 non
314 3565 483 3654 potuisse,
522 3570 559 3628 ut
592 3561 636 3629 de
663 3562 720 3628 tali
745 3561 779 3628 in
804 3561 921 3652 priscis
955 3561 1023 3631 istis
1057 3559 1270 3652 physiologis

114 3668 199 3735 serie
225 3667 458 3736 constituenda
483 3664 558 3754 quis
583 3663 769 3756 cogitaret,
796 3665 991 3754 priusquam
1017 3663 1269 3738 socraticarum

114 3770 310 3843 scholarum
344 3770 501 3866 exemplo
533 3765 578 3840 ad
611 3768 682 3838 hoc
714 3767 908 3838 conandum
942 3775 1026 3838 esset
1046 3776 1270 3858 provocatus.

116 3871 319 3962 Quanquam
345 3896 413 3941 non
439 3869 682 3954 dubitandum,
710 3872 791 3972 quin
811 3872 953 3959 quisque
976 3892 1094 3938 eorum
1119 3869 1270 3956 discipu-

116 3974 169 4041 los
196 3975 354 4043 habuerit
379 3986 413 4044 et
438 3973 597 4058 asseclas,
625 3973 683 4062 qui
708 3974 763 4041 vel
789 3973 977 4043 doctrinam
998 3975 1042 4040 ab
1069 3977 1143 4062 ipso
1169 3990 1271 4036 acce-

116 4088 212 4169 ptam
238 4099 303 4166 per
327 4079 465 4173 aliquod
491 4087 630 4168 tempus'
651 4086 891 4166 sustentarent,
917 4076 973 4145 vel
994 4069 1267 4164 aliquamdiuia-

187 4381 218 4450 1)
236 4382 316 4454 Diog.
333 4381 366 4435 b.
383 4381 416 4448 ll,
434 4379 460 4434 a.
478 4377 549 4436 ἔνιοι
567 4379 597 4438 di
614 4380 662 4438 acl
678 4381 860 4454 Παρμενίδου
878 4373 966 4448 φασὶν
983 4369 1103 4432 οἰκοῦσαι
1120 4367 1217 4472 αὐτον.
