<?xml version="1.0" encoding="UTF-8"?>
<!DOCTYPE html PUBLIC "-//W3C//DTD XHTML 1.0 Transitional//EN"
    "http://www.w3.org/TR/xhtml1/DTD/xhtml1-transitional.dtd">
<html xmlns="http://www.w3.org/1999/xhtml" xml:lang="en" lang="en">
 <head>
  <title>
</title>
<meta http-equiv="Content-Type" content="text/html;charset=utf-8" />
  <meta name='ocr-system' content='tesseract 3.04.00' />
  <meta name='ocr-capabilities' content='ocr_page ocr_carea ocr_par ocr_line ocrx_word'/>
</head>
<body>
  <div class='ocr_page' id='page_1' title='image "./diogenesapollon00panzgoog_0047.png"; bbox 0 0 2942 4996; ppageno 0'>
   <div class='ocr_carea' id='block_1_1' title="bbox 180 357 873 462">
    <p class='ocr_par' dir='ltr' id='par_1_1' title="bbox 180 357 873 462">
     <span class='ocr_line' id='line_1_1' title="bbox 180 357 873 462; baseline -0.006 0"><span class='ocrx_word' id='word_1_1' title='bbox 180 397 224 462; x_wconf 83' lang='lat' dir='ltr'><strong>ro</strong></span> <span class='ocrx_word' id='word_1_2' title='bbox 362 357 367 368; x_wconf 76' lang='grc'><strong>’</strong></span> <span class='ocrx_word' id='word_1_3' title='bbox 617 393 716 458; x_wconf 80' lang='lat' dir='ltr'><strong>our.</strong></span> <span class='ocrx_word' id='word_1_4' title='bbox 744 399 797 462; x_wconf 78' lang='lat' dir='ltr'><strong>as.</strong></span> <span class='ocrx_word' id='word_1_5' title='bbox 820 397 873 462; x_wconf 78' lang='lat' dir='ltr'><strong>rs.</strong></span> 
     </span>
    </p>
   </div>
   <div class='ocr_carea' id='block_1_2' title="bbox 178 560 1331 1680">
    <p class='ocr_par' dir='ltr' id='par_1_2' title="bbox 178 560 1331 1680">
     <span class='ocr_line' id='line_1_2' title="bbox 181 560 1330 670; baseline -0.002 -32"><span class='ocrx_word' id='word_1_6' title='bbox 181 569 250 656; x_wconf 87' lang='lat' dir='ltr'><strong>lem</strong></span> <span class='ocrx_word' id='word_1_7' title='bbox 272 564 553 657; x_wconf 72' lang='lat' dir='ltr'><strong>Theophrastum</strong></span> <span class='ocrx_word' id='word_1_8' title='bbox 567 560 612 633; x_wconf 79' lang='lat' dir='ltr'><strong>ua</strong></span> <span class='ocrx_word' id='word_1_9' title='bbox 621 564 787 662; x_wconf 74' lang='lat' dir='ltr'><strong>Diogene¹</strong></span> <span class='ocrx_word' id='word_1_10' title='bbox 795 565 914 658; x_wconf 81' lang='lat' dir='ltr'><strong>egisse,</strong></span> <span class='ocrx_word' id='word_1_11' title='bbox 932 563 1157 670; x_wconf 53' lang='lat' dir='ltr'><strong>eiSimplicio</strong></span> <span class='ocrx_word' id='word_1_12' title='bbox 1173 574 1208 636; x_wconf 86' lang='lat' dir='ltr'><strong>et</strong></span> <span class='ocrx_word' id='word_1_13' title='bbox 1220 563 1330 636; x_wconf 80' lang='lat' dir='ltr'><strong>Alex-</strong></span> 
     </span>
     <span class='ocr_line' id='line_1_3' title="bbox 181 666 1330 761; baseline -0.001 -22"><span class='ocrx_word' id='word_1_14' title='bbox 181 669 288 740; x_wconf 89' lang='lat' dir='ltr'><strong>andro</strong></span> <span class='ocrx_word' id='word_1_15' title='bbox 305 666 560 758; x_wconf 83' lang='lat' dir='ltr'><strong>Aphrodisiensi</strong></span> <span class='ocrx_word' id='word_1_16' title='bbox 577 679 787 758; x_wconf 88' lang='lat' dir='ltr'><strong>compertum</strong></span> <span class='ocrx_word' id='word_1_17' title='bbox 801 669 977 754; x_wconf 83' lang='lat' dir='ltr'><strong>habemus,</strong></span> <span class='ocrx_word' id='word_1_18' title='bbox 1001 689 1206 758; x_wconf 88' lang='lat' dir='ltr'><strong>quamquam</strong></span> <span class='ocrx_word' id='word_1_19' title='bbox 1218 693 1330 761; x_wconf 90' lang='lat' dir='ltr'><strong>pecu·</strong></span> 
     </span>
     <span class='ocr_line' id='line_1_4' title="bbox 179 769 1330 862; baseline -0.002 -20"><span class='ocrx_word' id='word_1_20' title='bbox 179 773 252 842; x_wconf 83' lang='lat' dir='ltr'><strong>lia&#39;ri</strong></span> <span class='ocrx_word' id='word_1_21' title='bbox 273 773 359 838; x_wconf 91' lang='lat' dir='ltr'><strong>libro</strong></span> <span class='ocrx_word' id='word_1_22' title='bbox 376 769 412 836; x_wconf 88' lang='lat' dir='ltr'><strong>iri</strong></span> <span class='ocrx_word' id='word_1_23' title='bbox 430 769 557 838; x_wconf 87' lang='lat' dir='ltr'><strong>tactum</strong></span> <span class='ocrx_word' id='word_1_24' title='bbox 580 793 650 838; x_wconf 88' lang='lat' dir='ltr'><strong>esse</strong></span> <span class='ocrx_word' id='word_1_25' title='bbox 670 788 737 838; x_wconf 90' lang='lat' dir='ltr'><strong>non</strong></span> <span class='ocrx_word' id='word_1_26' title='bbox 760 771 963 862; x_wconf 87' lang='lat' dir='ltr'><strong>putaverim,</strong></span> <span class='ocrx_word' id='word_1_27' title='bbox 989 793 1093 860; x_wconf 90' lang='lat' dir='ltr'><strong>quum</strong></span> <span class='ocrx_word' id='word_1_28' title='bbox 1111 771 1232 842; x_wconf 80' lang='lat' dir='ltr'>nullibi</span> <span class='ocrx_word' id='word_1_29' title='bbox 1252 773 1330 842; x_wconf 85' lang='lat' dir='ltr'><strong>talis</strong></span> 
     </span>
     <span class='ocr_line' id='line_1_5' title="bbox 179 872 1331 964; baseline -0.002 -20"><span class='ocrx_word' id='word_1_30' title='bbox 179 872 413 962; x_wconf 86' lang='lat' dir='ltr'><strong>Theophrasti</strong></span> <span class='ocrx_word' id='word_1_31' title='bbox 428 872 512 940; x_wconf 88' lang='lat' dir='ltr'><strong>liber</strong></span> <span class='ocrx_word' id='word_1_32' title='bbox 528 884 739 946; x_wconf 79' lang='lat' dir='ltr'>memoretur.</span> <span class='ocrx_word' id='word_1_33' title='bbox 791 874 861 942; x_wconf 90' lang='lat' dir='ltr'><strong>Sed</strong></span> <span class='ocrx_word' id='word_1_34' title='bbox 880 897 989 964; x_wconf 88' lang='lat' dir='ltr'><strong>pauca</strong></span> <span class='ocrx_word' id='word_1_35' title='bbox 1004 897 1061 956; x_wconf 88' lang='lat' dir='ltr'><strong>ea,</strong></span> <span class='ocrx_word' id='word_1_36' title='bbox 1087 897 1174 962; x_wconf 88' lang='lat' dir='ltr'><strong>quae</strong></span> <span class='ocrx_word' id='word_1_37' title='bbox 1190 874 1227 942; x_wconf 94' lang='lat' dir='ltr'><strong>hi</strong></span> <span class='ocrx_word' id='word_1_38' title='bbox 1242 876 1331 944; x_wconf 80' lang='lat' dir='ltr'><strong>scri·-</strong></span> 
     </span>
     <span class='ocr_line' id='line_1_6' title="bbox 179 974 1329 1071; baseline 0.006 -29"><span class='ocrx_word' id='word_1_39' title='bbox 179 985 294 1068; x_wconf 87' lang='lat' dir='ltr'><strong>ptores</strong></span> <span class='ocrx_word' id='word_1_40' title='bbox 316 997 358 1044; x_wconf 84' lang='lat' dir='ltr'><strong>ex</strong></span> <span class='ocrx_word' id='word_1_41' title='bbox 373 995 415 1043; x_wconf 88' lang='lat' dir='ltr'><strong>eo</strong></span> <span class='ocrx_word' id='word_1_42' title='bbox 437 974 481 1042; x_wconf 86' lang='lat' dir='ltr'><strong>de</strong></span> <span class='ocrx_word' id='word_1_43' title='bbox 503 975 659 1065; x_wconf 82' lang='lat' dir='ltr'>Diogene</span> <span class='ocrx_word' id='word_1_44' title='bbox 684 975 845 1060; x_wconf 85' lang='lat' dir='ltr'><strong>afferunt,</strong></span> <span class='ocrx_word' id='word_1_45' title='bbox 869 976 927 1044; x_wconf 72' lang='lat' dir='ltr'><strong>&#39;vel</strong></span> <span class='ocrx_word' id='word_1_46' title='bbox 947 997 966 1042; x_wconf 93' lang='lat' dir='ltr'><strong>e</strong></span> <span class='ocrx_word' id='word_1_47' title='bbox 991 977 1078 1042; x_wconf 89' lang='lat' dir='ltr'><strong>libro</strong></span> <span class='ocrx_word' id='word_1_48' title='bbox 1101 977 1182 1070; x_wconf 71' lang='grc' dir='ltr'><strong><em>περὶ</em></strong></span> <span class='ocrx_word' id='word_1_49' title='bbox 1203 977 1329 1071; x_wconf 73' lang='grc' dir='ltr'>σοφοῖν</span> 
     </span>
     <span class='ocr_line' id='line_1_7' title="bbox 179 1075 1330 1170; baseline 0 -24"><span class='ocrx_word' id='word_1_50' title='bbox 179 1080 300 1146; x_wconf 84' lang='lat' dir='ltr'><strong>hausta</strong></span> <span class='ocrx_word' id='word_1_51' title='bbox 321 1087 432 1161; x_wconf 89' lang='lat' dir='ltr'><strong>erant,</strong></span> <span class='ocrx_word' id='word_1_52' title='bbox 457 1075 646 1146; x_wconf 71' lang='lat' dir='ltr'><strong>celabiter</strong></span> <span class='ocrx_word' id='word_1_53' title='bbox 669 1079 932 1170; x_wconf 79' lang='lat' dir='ltr'><strong>Theophrastus</strong></span> <span class='ocrx_word' id='word_1_54' title='bbox 951 1078 1113 1170; x_wconf 79' lang='lat' dir='ltr'>Diogenis</span> <span class='ocrx_word' id='word_1_55' title='bbox 1132 1080 1330 1148; x_wconf 74' lang='lat' dir='ltr'><strong>meminerat</strong></span> 
     </span>
     <span class='ocr_line' id='line_1_8' title="bbox 178 1179 1331 1272; baseline 0.002 -24"><span class='ocrx_word' id='word_1_56' title='bbox 178 1182 213 1248; x_wconf 92' lang='lat' dir='ltr'><strong>in</strong></span> <span class='ocrx_word' id='word_1_57' title='bbox 236 1181 347 1265; x_wconf 89' lang='lat' dir='ltr'><strong>libris,</strong></span> <span class='ocrx_word' id='word_1_58' title='bbox 372 1197 458 1268; x_wconf 85' lang='lat' dir='ltr'><strong>quos</strong></span> <span class='ocrx_word' id='word_1_59' title='bbox 479 1179 524 1248; x_wconf 91' lang='lat' dir='ltr'><strong>de</strong></span> <span class='ocrx_word' id='word_1_60' title='bbox 539 1183 742 1272; x_wconf 79' lang='lat' dir='ltr'><strong>Anaxagora</strong></span> <span class='ocrx_word' id='word_1_61' title='bbox 760 1181 1017 1271; x_wconf 81' lang='lat' dir='ltr'><strong>conscripserat:</strong></span> <span class='ocrx_word' id='word_1_62' title='bbox 1043 1179 1137 1268; x_wconf 83' lang='lat' dir='ltr'><strong>quod</strong></span> <span class='ocrx_word' id='word_1_63' title='bbox 1160 1181 1331 1271; x_wconf 87' lang='lat' dir='ltr'><strong>probabi-</strong></span> 
     </span>
     <span class='ocr_line' id='line_1_9' title="bbox 179 1278 1330 1376; baseline 0 -26"><span class='ocrx_word' id='word_1_64' title='bbox 179 1283 243 1350; x_wconf 87' lang='lat' dir='ltr'><strong>lius</strong></span> <span class='ocrx_word' id='word_1_65' title='bbox 259 1293 327 1366; x_wconf 89' lang='lat' dir='ltr'><strong>est,</strong></span> <span class='ocrx_word' id='word_1_66' title='bbox 349 1301 457 1374; x_wconf 51' lang='lat' dir='ltr'><strong>¹qomn</strong></span> <span class='ocrx_word' id='word_1_67' title='bbox 479 1278 524 1348; x_wconf 88' lang='lat' dir='ltr'><strong>ad</strong></span> <span class='ocrx_word' id='word_1_68' title='bbox 544 1281 608 1348; x_wconf 89' lang='lat' dir='ltr'><strong>hos</strong></span> <span class='ocrx_word' id='word_1_69' title='bbox 628 1283 719 1373; x_wconf 86' lang='lat' dir='ltr'><strong>ipsos</strong></span> <span class='ocrx_word' id='word_1_70' title='bbox 739 1282 860 1350; x_wconf 88' lang='lat' dir='ltr'><strong>eadem</strong></span> <span class='ocrx_word' id='word_1_71' title='bbox 881 1283 1008 1376; x_wconf 85' lang='lat' dir='ltr'><strong>pagina</strong></span> <span class='ocrx_word' id='word_1_72' title='bbox 1022 1283 1219 1372; x_wconf 82' lang='lat' dir='ltr'>Simplicius</span> <span class='ocrx_word' id='word_1_73' title='bbox 1244 1305 1330 1374; x_wconf 88' lang='lat' dir='ltr'><strong>pro-</strong></span> 
     </span>
     <span class='ocr_line' id='line_1_10' title="bbox 180 1383 1330 1477; baseline 0.001 -24"><span class='ocrx_word' id='word_1_74' title='bbox 180 1396 280 1455; x_wconf 87' lang='lat' dir='ltr'><strong>vocet</strong></span> <span class='ocrx_word' id='word_1_75' title='bbox 297 1386 347 1475; x_wconf 87' lang='lat' dir='ltr'><strong>(p.</strong></span> <span class='ocrx_word' id='word_1_76' title='bbox 363 1383 443 1474; x_wconf 83' lang='lat' dir='ltr'><strong>ba).</strong></span> <span class='ocrx_word' id='word_1_77' title='bbox 481 1384 564 1451; x_wconf 89' lang='lat' dir='ltr'><strong>Post</strong></span> <span class='ocrx_word' id='word_1_78' title='bbox 590 1383 655 1452; x_wconf 89' lang='lat' dir='ltr'><strong>hos</strong></span> <span class='ocrx_word' id='word_1_79' title='bbox 672 1383 792 1477; x_wconf 77' lang='lat' dir='ltr'><strong>Rosos</strong></span> <span class='ocrx_word' id='word_1_80' title='bbox 806 1383 1046 1467; x_wconf 86' lang='lat' dir='ltr'><strong>nominandus,</strong></span> <span class='ocrx_word' id='word_1_81' title='bbox 1072 1385 1129 1472; x_wconf 90' lang='lat' dir='ltr'><strong>qui</strong></span> <span class='ocrx_word' id='word_1_82' title='bbox 1146 1405 1257 1474; x_wconf 86' lang='lat' dir='ltr'><strong>pauca</strong></span> <span class='ocrx_word' id='word_1_83' title='bbox 1274 1409 1330 1469; x_wconf 89' lang='lat' dir='ltr'><strong>ea,</strong></span> 
     </span>
     <span class='ocr_line' id='line_1_11' title="bbox 181 1485 1330 1578; baseline -0.003 -22"><span class='ocrx_word' id='word_1_84' title='bbox 181 1511 270 1578; x_wconf 86' lang='lat' dir='ltr'><strong>qnae</strong></span> <span class='ocrx_word' id='word_1_85' title='bbox 289 1487 334 1554; x_wconf 93' lang='lat' dir='ltr'><strong>de</strong></span> <span class='ocrx_word' id='word_1_86' title='bbox 346 1487 505 1577; x_wconf 83' lang='lat' dir='ltr'><strong>Diogene</strong></span> <span class='ocrx_word' id='word_1_87' title='bbox 525 1486 654 1554; x_wconf 85' lang='lat' dir='ltr'><strong>dixerat</strong></span> <span class='ocrx_word' id='word_1_88' title='bbox 674 1487 747 1577; x_wconf 86' lang='lat' dir='ltr'><strong>(ap.</strong></span> <span class='ocrx_word' id='word_1_89' title='bbox 767 1485 894 1554; x_wconf 85' lang='lat' dir='ltr'><strong>Galen.</strong></span> <span class='ocrx_word' id='word_1_90' title='bbox 910 1485 933 1552; x_wconf 95' lang='lat' dir='ltr'><strong>l.</strong></span> <span class='ocrx_word' id='word_1_91' title='bbox 951 1485 1022 1574; x_wconf 90' lang='lat' dir='ltr'><strong>cit.)</strong></span> <span class='ocrx_word' id='word_1_92' title='bbox 1038 1507 1080 1552; x_wconf 83' lang='lat' dir='ltr'><strong>ex</strong></span> <span class='ocrx_word' id='word_1_93' title='bbox 1099 1486 1174 1574; x_wconf 90' lang='lat' dir='ltr'><strong>ipso</strong></span> <span class='ocrx_word' id='word_1_94' title='bbox 1195 1487 1264 1554; x_wconf 81' lang='lat' dir='ltr'><strong>eius</strong></span> <span class='ocrx_word' id='word_1_95' title='bbox 1283 1488 1330 1552; x_wconf 89' lang='lat' dir='ltr'><strong>li-</strong></span> 
     </span>
     <span class='ocr_line' id='line_1_12' title="bbox 181 1587 1330 1680; baseline -0.002 -22"><span class='ocrx_word' id='word_1_96' title='bbox 181 1593 246 1658; x_wconf 88' lang='lat' dir='ltr'><strong>hro</strong></span> <span class='ocrx_word' id='word_1_97' title='bbox 270 1590 441 1680; x_wconf 88' lang='lat' dir='ltr'><strong>repetiisse</strong></span> <span class='ocrx_word' id='word_1_98' title='bbox 463 1587 622 1662; x_wconf 70' lang='lat' dir='ltr'><strong>videtur.</strong></span> <span class='ocrx_word' id='word_1_99' title='bbox 654 1589 809 1678; x_wconf 91' lang='lat' dir='ltr'><strong>Denique</strong></span> <span class='ocrx_word' id='word_1_100' title='bbox 836 1588 1041 1678; x_wconf 83' lang='lat' dir='ltr'><strong>Simplicius</strong></span> <span class='ocrx_word' id='word_1_101' title='bbox 1073 1589 1172 1655; x_wconf 88' lang='lat' dir='ltr'><strong>etiam</strong></span> <span class='ocrx_word' id='word_1_102' title='bbox 1203 1587 1330 1677; x_wconf 89' lang='lat' dir='ltr'><strong>passim</strong></span> 
     </span>
    </p>
   </div>
   <div class='ocr_carea' id='block_1_3' title="bbox 69 1689 1331 1786">
    <p class='ocr_par' dir='ltr' id='par_1_3' title="bbox 69 1689 1331 1786">
     <span class='ocr_line' id='line_1_13' title="bbox 69 1689 1331 1786; baseline -0.005 -23"><span class='ocrx_word' id='word_1_103' title='bbox 69 1777 71 1786; x_wconf 22' lang='lat' dir='ltr'>y</span> <span class='ocrx_word' id='word_1_104' title='bbox 180 1689 505 1782; x_wconf 72' lang='lat' dir='ltr'><strong>quaedam-audiuit</strong></span> <span class='ocrx_word' id='word_1_105' title='bbox 530 1691 744 1782; x_wconf 80' lang='lat' dir='ltr'><strong>fragmentis,</strong></span> <span class='ocrx_word' id='word_1_106' title='bbox 770 1691 830 1758; x_wconf 85' lang='lat' dir='ltr'><strong>sed</strong></span> <span class='ocrx_word' id='word_1_107' title='bbox 852 1713 892 1758; x_wconf 87' lang='lat' dir='ltr'><strong>ea</strong></span> <span class='ocrx_word' id='word_1_108' title='bbox 913 1690 1017 1764; x_wconf 67' lang='lat' dir='ltr'><strong>haud,</strong></span> <span class='ocrx_word' id='word_1_109' title='bbox 1031 1690 1145 1781; x_wconf 87' lang='lat' dir='ltr'><strong>magni</strong></span> <span class='ocrx_word' id='word_1_110' title='bbox 1167 1690 1331 1758; x_wconf 85' lang='lat' dir='ltr'><strong>momenti</strong></span> 
     </span>
    </p>
   </div>
   <div class='ocr_carea' id='block_1_4' title="bbox 148 1792 1331 2697">
    <p class='ocr_par' dir='ltr' id='par_1_4' title="bbox 148 1792 1331 2697">
     <span class='ocr_line' id='line_1_14' title="bbox 183 1792 1329 1886; baseline -0.005 -22"><span class='ocrx_word' id='word_1_111' title='bbox 183 1806 218 1864; x_wconf 88' lang='lat' dir='ltr'><strong>et</strong></span> <span class='ocrx_word' id='word_1_112' title='bbox 237 1796 401 1886; x_wconf 84' lang='lat' dir='ltr'><strong>pleraque</strong></span> <span class='ocrx_word' id='word_1_113' title='bbox 427 1794 539 1861; x_wconf 91' lang='lat' dir='ltr'><strong>omnia</strong></span> <span class='ocrx_word' id='word_1_114' title='bbox 566 1803 623 1862; x_wconf 92' lang='lat' dir='ltr'><strong>aut</strong></span> <span class='ocrx_word' id='word_1_115' title='bbox 645 1815 685 1860; x_wconf 86' lang='lat' dir='ltr'><strong>ex</strong></span> <span class='ocrx_word' id='word_1_116' title='bbox 711 1794 791 1884; x_wconf 86' lang='lat' dir='ltr'><strong>ipsis</strong></span> <span class='ocrx_word' id='word_1_117' title='bbox 815 1793 1011 1883; x_wconf 80' lang='lat' dir='ltr'><strong>fragmentis</strong></span> <span class='ocrx_word' id='word_1_118' title='bbox 1037 1792 1159 1860; x_wconf 89' lang='lat' dir='ltr'><strong>iterum</strong></span> <span class='ocrx_word' id='word_1_119' title='bbox 1182 1793 1329 1882; x_wconf 89' lang='lat' dir='ltr'><strong>prolata,</strong></span> 
     </span>
     <span class='ocr_line' id='line_1_15' title="bbox 181 1895 1329 1976; baseline -0.002 -12"><span class='ocrx_word' id='word_1_120' title='bbox 181 1907 238 1964; x_wconf 85' lang='lat' dir='ltr'><strong>aut</strong></span> <span class='ocrx_word' id='word_1_121' title='bbox 254 1907 345 1964; x_wconf 88' lang='lat' dir='ltr'><strong>certe</strong></span> <span class='ocrx_word' id='word_1_122' title='bbox 362 1895 440 1962; x_wconf 89' lang='lat' dir='ltr'><strong>inde</strong></span> <span class='ocrx_word' id='word_1_123' title='bbox 463 1895 630 1976; x_wconf 73' lang='lat' dir='ltr'><strong>«lerinam,</strong></span> <span class='ocrx_word' id='word_1_124' title='bbox 655 1896 715 1962; x_wconf 87' lang='lat' dir='ltr'><strong>nisi</strong></span> <span class='ocrx_word' id='word_1_125' title='bbox 738 1897 796 1963; x_wconf 89' lang='lat' dir='ltr'><strong>uhi</strong></span> <span class='ocrx_word' id='word_1_126' title='bbox 818 1897 939 1962; x_wconf 91' lang='lat' dir='ltr'><strong>mirum</strong></span> <span class='ocrx_word' id='word_1_127' title='bbox 962 1895 995 1962; x_wconf 94' lang='lat' dir='ltr'><strong>in</strong></span> <span class='ocrx_word' id='word_1_128' title='bbox 1017 1895 1157 1962; x_wconf 89' lang='lat' dir='ltr'><strong>modurn</strong></span> <span class='ocrx_word' id='word_1_129' title='bbox 1179 1895 1241 1962; x_wconf 90' lang='lat' dir='ltr'><strong>sibi</strong></span> <span class='ocrx_word' id='word_1_130' title='bbox 1259 1916 1329 1962; x_wconf 89' lang='lat' dir='ltr'><strong>non</strong></span> 
     </span>
     <span class='ocr_line' id='line_1_16' title="bbox 148 1993 1331 2086; baseline -0.006 -16"><span class='ocrx_word' id='word_1_131' title='bbox 148 2061 153 2070; x_wconf 77' lang='grc'>.</span> <span class='ocrx_word' id='word_1_132' title='bbox 181 2007 334 2068; x_wconf 83' lang='lat' dir='ltr'><strong>constans</strong></span> <span class='ocrx_word' id='word_1_133' title='bbox 353 1993 582 2082; x_wconf 82' lang='lat' dir='ltr'><strong>Porphyrium</strong></span> <span class='ocrx_word' id='word_1_134' title='bbox 602 1996 750 2082; x_wconf 89' lang='lat' dir='ltr'><strong>sequitur</strong></span> <span class='ocrx_word' id='word_1_135' title='bbox 767 2005 801 2062; x_wconf 89' lang='lat' dir='ltr'><strong>et</strong></span> <span class='ocrx_word' id='word_1_136' title='bbox 820 1997 1010 2065; x_wconf 78' lang='lat' dir='ltr'><strong>Nicolaum.</strong></span> <span class='ocrx_word' id='word_1_137' title='bbox 1060 1993 1243 2086; x_wconf 82' lang='lat' dir='ltr'><strong>Reliquos,</strong></span> <span class='ocrx_word' id='word_1_138' title='bbox 1269 1997 1331 2084; x_wconf 84' lang='lat' dir='ltr'><strong>qui</strong></span> 
     </span>
     <span class='ocr_line' id='line_1_17' title="bbox 181 2085 1328 2190; baseline -0.001 -23"><span class='ocrx_word' id='word_1_139' title='bbox 181 2099 381 2190; x_wconf 83' lang='lat' dir='ltr'><strong>Diogeneae</strong></span> <span class='ocrx_word' id='word_1_140' title='bbox 411 2085 584 2165; x_wconf 89' lang='lat' dir='ltr'><strong>doctrinae</strong></span> <span class='ocrx_word' id='word_1_141' title='bbox 617 2099 813 2164; x_wconf 89' lang='lat' dir='ltr'><strong>memoriam</strong></span> <span class='ocrx_word' id='word_1_142' title='bbox 845 2106 1034 2182; x_wconf 87' lang='lat' dir='ltr'><strong>servarunt,</strong></span> <span class='ocrx_word' id='word_1_143' title='bbox 1075 2099 1328 2166; x_wconf 77' lang='lat' dir='ltr'><strong>Alexandrum</strong></span> 
     </span>
     <span class='ocr_line' id='line_1_18' title="bbox 178 2197 1328 2292; baseline 0.001 -23"><span class='ocrx_word' id='word_1_144' title='bbox 178 2200 511 2292; x_wconf 50' lang='lat' dir='ltr'><strong>Aphrodisieusffl</strong></span> <span class='ocrx_word' id='word_1_145' title='bbox 538 2197 1032 2286; x_wconf 49' lang='lat' dir='ltr'><strong>Ioannethrummuticam,</strong></span> <span class='ocrx_word' id='word_1_146' title='bbox 1059 2201 1229 2269; x_wconf 85' lang='lat' dir='ltr'><strong>Ioannem</strong></span> <span class='ocrx_word' id='word_1_147' title='bbox 1244 2201 1328 2270; x_wconf 83' lang='lat' dir='ltr'><strong>Sto-</strong></span> 
     </span>
     <span class='ocr_line' id='line_1_19' title="bbox 180 2301 1325 2394; baseline 0 -22"><span class='ocrx_word' id='word_1_148' title='bbox 180 2301 327 2390; x_wconf 84' lang='lat' dir='ltr'><strong>bocum,</strong></span> <span class='ocrx_word' id='word_1_149' title='bbox 367 2301 569 2392; x_wconf 86' lang='lat' dir='ltr'><strong>Diogenem</strong></span> <span class='ocrx_word' id='word_1_150' title='bbox 597 2301 806 2386; x_wconf 83' lang='lat' dir='ltr'><strong>Lu‘e‘rtium,</strong></span> <span class='ocrx_word' id='word_1_151' title='bbox 848 2303 1057 2394; x_wconf 83' lang='lat' dir='ltr'><strong>scriptorem</strong></span> <span class='ocrx_word' id='word_1_152' title='bbox 1083 2303 1325 2390; x_wconf 84' lang='lat' dir='ltr'><strong>Plueilorum,</strong></span> 
     </span>
     <span class='ocr_line' id='line_1_20' title="bbox 178 2403 1327 2495; baseline -0.001 -19"><span class='ocrx_word' id='word_1_153' title='bbox 178 2405 393 2488; x_wconf 76' lang='lat' dir='ltr'><strong>Eusebium,</strong></span> <span class='ocrx_word' id='word_1_154' title='bbox 421 2403 679 2495; x_wconf 85' lang='lat' dir='ltr'><strong>Augustinum,</strong></span> <span class='ocrx_word' id='word_1_155' title='bbox 705 2406 804 2491; x_wconf 89' lang='lat' dir='ltr'><strong>alios,</strong></span> <span class='ocrx_word' id='word_1_156' title='bbox 839 2404 883 2472; x_wconf 88' lang='lat' dir='ltr'><strong>ad</strong></span> <span class='ocrx_word' id='word_1_157' title='bbox 906 2427 1009 2474; x_wconf 89' lang='lat' dir='ltr'><strong>unum</strong></span> <span class='ocrx_word' id='word_1_158' title='bbox 1029 2426 1146 2478; x_wconf 83' lang='lat' dir='ltr'><strong>omnes</strong></span> <span class='ocrx_word' id='word_1_159' title='bbox 1170 2429 1229 2474; x_wconf 88' lang='lat' dir='ltr'><strong>sua</strong></span> <span class='ocrx_word' id='word_1_160' title='bbox 1258 2429 1327 2475; x_wconf 91' lang='lat' dir='ltr'><strong>non</strong></span> 
     </span>
     <span class='ocr_line' id='line_1_21' title="bbox 180 2505 1327 2604; baseline 0.003 -29"><span class='ocrx_word' id='word_1_161' title='bbox 180 2511 392 2602; x_wconf 82' lang='lat' dir='ltr'><strong>exipsorum</strong></span> <span class='ocrx_word' id='word_1_162' title='bbox 414 2505 699 2597; x_wconf 86' lang='lat' dir='ltr'><strong>philosophorum</strong></span> <span class='ocrx_word' id='word_1_163' title='bbox 729 2509 820 2576; x_wconf 88' lang='lat' dir='ltr'><strong>libris</strong></span> <span class='ocrx_word' id='word_1_164' title='bbox 842 2507 1006 2594; x_wconf 84' lang='lat' dir='ltr'><strong>hausisse,</strong></span> <span class='ocrx_word' id='word_1_165' title='bbox 1039 2532 1093 2577; x_wconf 85' lang='lat' dir='ltr'><strong>res</strong></span> <span class='ocrx_word' id='word_1_166' title='bbox 1119 2511 1224 2604; x_wconf 84' lang='lat' dir='ltr'><strong>vulgo</strong></span> <span class='ocrx_word' id='word_1_167' title='bbox 1247 2521 1327 2578; x_wconf 88' lang='lat' dir='ltr'><strong>nota</strong></span> 
     </span>
     <span class='ocr_line' id='line_1_22' title="bbox 179 2604 1262 2697; baseline -0.002 -17"><span class='ocrx_word' id='word_1_168' title='bbox 179 2619 237 2681; x_wconf 86' lang='lat' dir='ltr'><strong>est.</strong></span> <span class='ocrx_word' id='word_1_169' title='bbox 290 2612 407 2697; x_wconf 81' lang='lat' dir='ltr'><strong>Quare</strong></span> <span class='ocrx_word' id='word_1_170' title='bbox 428 2609 613 2678; x_wconf 83' lang='lat' dir='ltr'><strong>admodum</strong></span> <span class='ocrx_word' id='word_1_171' title='bbox 635 2611 788 2678; x_wconf 87' lang='lat' dir='ltr'><strong>canteiis</strong></span> <span class='ocrx_word' id='word_1_172' title='bbox 808 2610 979 2682; x_wconf 87' lang='lat' dir='ltr'><strong>utendum.</strong></span> <span class='ocrx_word' id='word_1_173' title='bbox 1260 2604 1262 2610; x_wconf 74' lang='grc'><strong>’</strong></span> 
     </span>
    </p>
   </div>
   <div class='ocr_carea' id='block_1_5' title="bbox 172 2740 1382 4066">
    <p class='ocr_par' dir='ltr' id='par_1_5' title="bbox 172 2740 1382 4066">
     <span class='ocr_line' id='line_1_23' title="bbox 212 2740 1382 2844; baseline -0.001 -29"><span class='ocrx_word' id='word_1_174' title='bbox 212 2741 217 2748; x_wconf 67' lang='grc'><strong>”</strong></span> <span class='ocrx_word' id='word_1_175' title='bbox 283 2747 369 2838; x_wconf 85' lang='lat' dir='ltr'><strong>Cap.</strong></span> <span class='ocrx_word' id='word_1_176' title='bbox 397 2741 458 2818; x_wconf 84' lang='lat'><strong>25.</strong></span> <span class='ocrx_word' id='word_1_177' title='bbox 511 2747 676 2838; x_wconf 83' lang='lat' dir='ltr'><strong>Diogenis</strong></span> <span class='ocrx_word' id='word_1_178' title='bbox 691 2745 813 2814; x_wconf 89' lang='lat' dir='ltr'><strong>librum</strong></span> <span class='ocrx_word' id='word_1_179' title='bbox 829 2747 911 2844; x_wconf 72' lang='lat' dir='ltr'><strong>arpi</strong></span> <span class='ocrx_word' id='word_1_180' title='bbox 929 2740 1085 2840; x_wconf 76' lang='grc' dir='ltr'><strong><em>φύσεως,</em></strong></span> <span class='ocrx_word' id='word_1_181' title='bbox 1112 2744 1157 2816; x_wconf 89' lang='lat' dir='ltr'><strong>de</strong></span> <span class='ocrx_word' id='word_1_182' title='bbox 1171 2769 1242 2836; x_wconf 88' lang='lat' dir='ltr'><strong>quo</strong></span> <span class='ocrx_word' id='word_1_183' title='bbox 1254 2747 1326 2839; x_wconf 87' lang='lat' dir='ltr'><strong>agi·</strong></span> <span class='ocrx_word' id='word_1_184' title='bbox 1379 2837 1382 2839; x_wconf 24' lang='lat'><strong><em>‚</em></strong></span> 
     </span>
     <span class='ocr_line' id='line_1_24' title="bbox 178 2847 1325 2942; baseline 0 -27"><span class='ocrx_word' id='word_1_185' title='bbox 178 2869 270 2929; x_wconf 88' lang='lat' dir='ltr'><strong>mus,</strong></span> <span class='ocrx_word' id='word_1_186' title='bbox 305 2847 429 2914; x_wconf 78' lang='lat' dir='ltr'><strong>Ionica</strong></span> <span class='ocrx_word' id='word_1_187' title='bbox 455 2848 608 2914; x_wconf 86' lang='lat' dir='ltr'><strong>dialecto</strong></span> <span class='ocrx_word' id='word_1_188' title='bbox 636 2850 859 2938; x_wconf 89' lang='lat' dir='ltr'><strong>conscriptum</strong></span> <span class='ocrx_word' id='word_1_189' title='bbox 885 2850 999 2933; x_wconf 84' lang='lat' dir='ltr'><strong>luisse,</strong></span> <span class='ocrx_word' id='word_1_190' title='bbox 1031 2873 1135 2938; x_wconf 89' lang='lat' dir='ltr'><strong>quum</strong></span> <span class='ocrx_word' id='word_1_191' title='bbox 1163 2874 1215 2920; x_wconf 87' lang='lat' dir='ltr'><strong>res</strong></span> <span class='ocrx_word' id='word_1_192' title='bbox 1240 2850 1325 2942; x_wconf 82' lang='lat' dir='ltr'><strong>ipsa,</strong></span> 
     </span>
     <span class='ocr_line' id='line_1_25' title="bbox 178 2948 1328 3043; baseline 0.005 -27"><span class='ocrx_word' id='word_1_193' title='bbox 178 2957 250 3016; x_wconf 87' lang='lat' dir='ltr'><strong>tum</strong></span> <span class='ocrx_word' id='word_1_194' title='bbox 270 2970 349 3022; x_wconf 85' lang='lat' dir='ltr'><strong>vero</strong></span> <span class='ocrx_word' id='word_1_195' title='bbox 373 2950 473 3016; x_wconf 91' lang='lat' dir='ltr'><strong>etiam</strong></span> <span class='ocrx_word' id='word_1_196' title='bbox 490 2948 679 3038; x_wconf 85' lang='lat' dir='ltr'><strong>fragmenta</strong></span> <span class='ocrx_word' id='word_1_197' title='bbox 697 2972 716 3043; x_wconf 84' lang='lat' dir='ltr'><strong>a</strong></span> <span class='ocrx_word' id='word_1_198' title='bbox 735 2951 912 3040; x_wconf 87' lang='lat' dir='ltr'><strong>Simplicio</strong></span> <span class='ocrx_word' id='word_1_199' title='bbox 932 2963 1076 3032; x_wconf 86' lang='lat' dir='ltr'><strong>servata,</strong></span> <span class='ocrx_word' id='word_1_200' title='bbox 1103 2953 1238 3022; x_wconf 90' lang='lat' dir='ltr'><strong>abunde</strong></span> <span class='ocrx_word' id='word_1_201' title='bbox 1259 2954 1328 3022; x_wconf 84' lang='lat' dir='ltr'><strong>dc-</strong></span> 
     </span>
     <span class='ocr_line' id='line_1_26' title="bbox 179 3049 1326 3135; baseline 0.004 -15"><span class='ocrx_word' id='word_1_202' title='bbox 179 3056 265 3120; x_wconf 87' lang='lat' dir='ltr'><strong>cent.</strong></span> <span class='ocrx_word' id='word_1_203' title='bbox 318 3049 421 3118; x_wconf 91' lang='lat' dir='ltr'><strong>Unde</strong></span> <span class='ocrx_word' id='word_1_204' title='bbox 438 3050 471 3117; x_wconf 93' lang='lat' dir='ltr'><strong>in</strong></span> <span class='ocrx_word' id='word_1_205' title='bbox 485 3051 523 3116; x_wconf 88' lang='lat' dir='ltr'><strong>iis</strong></span> <span class='ocrx_word' id='word_1_206' title='bbox 538 3049 637 3117; x_wconf 90' lang='lat' dir='ltr'><strong>etiam</strong></span> <span class='ocrx_word' id='word_1_207' title='bbox 653 3051 756 3135; x_wconf 89' lang='lat' dir='ltr'><strong>locis,</strong></span> <span class='ocrx_word' id='word_1_208' title='bbox 782 3053 838 3120; x_wconf 91' lang='lat' dir='ltr'><strong>ubi</strong></span> <span class='ocrx_word' id='word_1_209' title='bbox 854 3055 987 3124; x_wconf 89' lang='lat' dir='ltr'><strong>lonicae</strong></span> <span class='ocrx_word' id='word_1_210' title='bbox 1002 3058 1179 3124; x_wconf 88' lang='lat' dir='ltr'><strong>verborum</strong></span> <span class='ocrx_word' id='word_1_211' title='bbox 1195 3057 1326 3124; x_wconf 85' lang='lat' dir='ltr'><strong>formae</strong></span> 
     </span>
     <span class='ocr_line' id='line_1_27' title="bbox 179 3153 1328 3245; baseline 0.003 -24"><span class='ocrx_word' id='word_1_212' title='bbox 179 3153 359 3238; x_wconf 85' lang='lat' dir='ltr'><strong>seriorum,</strong></span> <span class='ocrx_word' id='word_1_213' title='bbox 386 3163 423 3220; x_wconf 87' lang='lat' dir='ltr'><strong>ut</strong></span> <span class='ocrx_word' id='word_1_214' title='bbox 443 3153 592 3237; x_wconf 82' lang='lat' dir='ltr'><strong>videtur,</strong></span> <span class='ocrx_word' id='word_1_215' title='bbox 626 3153 833 3245; x_wconf 84' lang='lat' dir='ltr'><strong>negligentia</strong></span> <span class='ocrx_word' id='word_1_216' title='bbox 855 3156 1065 3226; x_wconf 82' lang='lat' dir='ltr'><strong>oblitteratae</strong></span> <span class='ocrx_word' id='word_1_217' title='bbox 1087 3169 1195 3239; x_wconf 89' lang='lat' dir='ltr'><strong>erant,</strong></span> <span class='ocrx_word' id='word_1_218' title='bbox 1227 3159 1328 3225; x_wconf 83' lang='lat' dir='ltr'><strong>resti-</strong></span> 
     </span>
     <span class='ocr_line' id='line_1_28' title="bbox 177 3255 1325 3348; baseline 0.001 -22"><span class='ocrx_word' id='word_1_219' title='bbox 177 3255 323 3326; x_wconf 89' lang='lat' dir='ltr'><strong>tuendae</strong></span> <span class='ocrx_word' id='word_1_220' title='bbox 346 3256 560 3340; x_wconf 89' lang='lat' dir='ltr'><strong>videbantur,</strong></span> <span class='ocrx_word' id='word_1_221' title='bbox 587 3267 730 3347; x_wconf 84' lang='lat' dir='ltr'><strong>excepto</strong></span> <span class='ocrx_word' id='word_1_222' title='bbox 752 3258 943 3348; x_wconf 86' lang='lat' dir='ltr'><strong>fragmento</strong></span> <span class='ocrx_word' id='word_1_223' title='bbox 966 3261 1051 3344; x_wconf 87' lang='lat' dir='ltr'><strong>Vll,</strong></span> <span class='ocrx_word' id='word_1_224' title='bbox 1078 3258 1170 3348; x_wconf 89' lang='lat' dir='ltr'><strong>quod</strong></span> <span class='ocrx_word' id='word_1_225' title='bbox 1193 3259 1325 3328; x_wconf 87' lang='lat' dir='ltr'><strong>Aristo-</strong></span> 
     </span>
     <span class='ocr_line' id='line_1_29' title="bbox 172 3358 1326 3452; baseline 0.002 -24"><span class='ocrx_word' id='word_1_226' title='bbox 172 3361 260 3428; x_wconf 83' lang='lat' dir='ltr'><strong>teles</strong></span> <span class='ocrx_word' id='word_1_227' title='bbox 274 3359 468 3452; x_wconf 87' lang='lat' dir='ltr'><strong>suppeditat</strong></span> <span class='ocrx_word' id='word_1_228' title='bbox 482 3359 543 3450; x_wconf 85' lang='lat' dir='ltr'><strong>(cl.</strong></span> <span class='ocrx_word' id='word_1_229' title='bbox 560 3381 635 3450; x_wconf 90' lang='lat' dir='ltr'><strong>cap.</strong></span> <span class='ocrx_word' id='word_1_230' title='bbox 650 3358 729 3450; x_wconf 81' lang='lat'><strong>23).</strong></span> <span class='ocrx_word' id='word_1_231' title='bbox 780 3363 849 3429; x_wconf 84' lang='lat' dir='ltr'><strong>Res</strong></span> <span class='ocrx_word' id='word_1_232' title='bbox 867 3362 1004 3450; x_wconf 85' lang='lat' dir='ltr'><strong>quidem</strong></span> <span class='ocrx_word' id='word_1_233' title='bbox 1021 3365 1096 3430; x_wconf 87' lang='lat' dir='ltr'><strong>satis</strong></span> <span class='ocrx_word' id='word_1_234' title='bbox 1116 3363 1261 3448; x_wconf 88' lang='lat' dir='ltr'><strong>lubrica,</strong></span> <span class='ocrx_word' id='word_1_235' title='bbox 1289 3371 1326 3430; x_wconf 87' lang='lat' dir='ltr'><strong>ul</strong></span> 
     </span>
     <span class='ocr_line' id='line_1_30' title="bbox 175 3463 1324 3554; baseline 0.002 -26"><span class='ocrx_word' id='word_1_236' title='bbox 175 3463 248 3528; x_wconf 90' lang='lat' dir='ltr'><strong>inre</strong></span> <span class='ocrx_word' id='word_1_237' title='bbox 264 3463 425 3546; x_wconf 86' lang='lat' dir='ltr'><strong>verearis,</strong></span> <span class='ocrx_word' id='word_1_238' title='bbox 453 3463 600 3550; x_wconf 87' lang='lat' dir='ltr'><strong>aliquam</strong></span> <span class='ocrx_word' id='word_1_239' title='bbox 619 3463 762 3546; x_wconf 86' lang='lat' dir='ltr'><strong>formam</strong></span> <span class='ocrx_word' id='word_1_240' title='bbox 785 3465 965 3554; x_wconf 87' lang='lat' dir='ltr'><strong>attingere,</strong></span> <span class='ocrx_word' id='word_1_241' title='bbox 989 3465 1050 3532; x_wconf 87' lang='lat' dir='ltr'><strong>nisi</strong></span> <span class='ocrx_word' id='word_1_242' title='bbox 1073 3467 1100 3534; x_wconf 91' lang='lat' dir='ltr'><strong>si</strong></span> <span class='ocrx_word' id='word_1_243' title='bbox 1115 3466 1211 3534; x_wconf 88' lang='lat' dir='ltr'><strong>certis</strong></span> <span class='ocrx_word' id='word_1_244' title='bbox 1230 3465 1324 3532; x_wconf 87' lang='lat' dir='ltr'><strong>testi-</strong></span> 
     </span>
     <span class='ocr_line' id='line_1_31' title="bbox 177 3561 1324 3657; baseline 0.003 -27"><span class='ocrx_word' id='word_1_245' title='bbox 177 3561 297 3630; x_wconf 86' lang='lat' dir='ltr'><strong>moniis</strong></span> <span class='ocrx_word' id='word_1_246' title='bbox 315 3565 482 3630; x_wconf 89' lang='lat' dir='ltr'><strong>correctio</strong></span> <span class='ocrx_word' id='word_1_247' title='bbox 498 3567 629 3632; x_wconf 90' lang='lat' dir='ltr'><strong>nitatur.</strong></span> <span class='ocrx_word' id='word_1_248' title='bbox 681 3567 839 3632; x_wconf 83' lang='lat' dir='ltr'><strong>Attamen</strong></span> <span class='ocrx_word' id='word_1_249' title='bbox 854 3567 1077 3657; x_wconf 87' lang='lat' dir='ltr'><strong>perpendenti</strong></span> <span class='ocrx_word' id='word_1_250' title='bbox 1098 3567 1199 3654; x_wconf 87' lang='lat' dir='ltr'><strong>milri,</strong></span> <span class='ocrx_word' id='word_1_251' title='bbox 1223 3589 1324 3656; x_wconf 85' lang='lat' dir='ltr'><strong>quarn</strong></span> 
     </span>
     <span class='ocr_line' id='line_1_32' title="bbox 174 3663 1324 3760; baseline 0.005 -30"><span class='ocrx_word' id='word_1_252' title='bbox 174 3663 339 3752; x_wconf 75' lang='lat' dir='ltr'><strong>iracuriose</strong></span> <span class='ocrx_word' id='word_1_253' title='bbox 357 3686 397 3732; x_wconf 88' lang='lat' dir='ltr'><strong>ae</strong></span> <span class='ocrx_word' id='word_1_254' title='bbox 417 3672 544 3731; x_wconf 88' lang='lat' dir='ltr'><strong>temere</strong></span> <span class='ocrx_word' id='word_1_255' title='bbox 560 3689 662 3755; x_wconf 89' lang='lat' dir='ltr'><strong>saepe</strong></span> <span class='ocrx_word' id='word_1_256' title='bbox 680 3675 713 3732; x_wconf 91' lang='lat' dir='ltr'><strong>et</strong></span> <span class='ocrx_word' id='word_1_257' title='bbox 734 3667 797 3755; x_wconf 89' lang='lat' dir='ltr'><strong>ipsi</strong></span> <span class='ocrx_word' id='word_1_258' title='bbox 818 3680 947 3736; x_wconf 83' lang='lat' dir='ltr'><strong>veteres</strong></span> <span class='ocrx_word' id='word_1_259' title='bbox 969 3671 1164 3760; x_wconf 83' lang='lat' dir='ltr'><strong>scriptores,</strong></span> <span class='ocrx_word' id='word_1_260' title='bbox 1191 3671 1249 3758; x_wconf 86' lang='lat' dir='ltr'><strong>qui</strong></span> <span class='ocrx_word' id='word_1_261' title='bbox 1263 3685 1324 3736; x_wconf 80' lang='lat' dir='ltr'><strong>an-</strong></span> 
     </span>
     <span class='ocr_line' id='line_1_33' title="bbox 174 3764 1324 3861; baseline 0.006 -28"><span class='ocrx_word' id='word_1_262' title='bbox 174 3764 354 3854; x_wconf 77' lang='lat' dir='ltr'><strong>tiquiorum</strong></span> <span class='ocrx_word' id='word_1_263' title='bbox 373 3765 562 3857; x_wconf 86' lang='lat' dir='ltr'><strong>fragmenta</strong></span> <span class='ocrx_word' id='word_1_264' title='bbox 576 3766 609 3832; x_wconf 95' lang='lat' dir='ltr'><strong>in</strong></span> <span class='ocrx_word' id='word_1_265' title='bbox 626 3790 702 3836; x_wconf 90' lang='lat' dir='ltr'><strong>suos</strong></span> <span class='ocrx_word' id='word_1_266' title='bbox 718 3767 823 3836; x_wconf 87' lang='lat' dir='ltr'><strong>libros</strong></span> <span class='ocrx_word' id='word_1_267' title='bbox 840 3771 1091 3857; x_wconf 83' lang='lat' dir='ltr'><strong>transferebant,</strong></span> <span class='ocrx_word' id='word_1_268' title='bbox 1118 3783 1162 3856; x_wconf 91' lang='lat' dir='ltr'><strong>et,</strong></span> <span class='ocrx_word' id='word_1_269' title='bbox 1189 3774 1247 3861; x_wconf 88' lang='lat' dir='ltr'><strong>qui</strong></span> <span class='ocrx_word' id='word_1_270' title='bbox 1263 3794 1324 3840; x_wconf 88' lang='lat' dir='ltr'><strong>eo-</strong></span> 
     </span>
     <span class='ocr_line' id='line_1_34' title="bbox 174 3865 1323 3966; baseline 0.003 -28"><span class='ocrx_word' id='word_1_271' title='bbox 174 3865 249 3944; x_wconf 83' lang='lat' dir='ltr'><strong>rum</strong></span> <span class='ocrx_word' id='word_1_272' title='bbox 271 3867 374 3948; x_wconf 89' lang='lat' dir='ltr'><strong>libros</strong></span> <span class='ocrx_word' id='word_1_273' title='bbox 400 3867 652 3950; x_wconf 86' lang='lat' dir='ltr'><strong>describebant,</strong></span> <span class='ocrx_word' id='word_1_274' title='bbox 678 3869 804 3938; x_wconf 90' lang='lat' dir='ltr'><strong>librarii</strong></span> <span class='ocrx_word' id='word_1_275' title='bbox 827 3873 861 3940; x_wconf 93' lang='lat' dir='ltr'><strong>in</strong></span> <span class='ocrx_word' id='word_1_276' title='bbox 885 3873 1012 3943; x_wconf 86' lang='lat' dir='ltr'><strong>haere</strong></span> <span class='ocrx_word' id='word_1_277' title='bbox 1037 3875 1186 3966; x_wconf 88' lang='lat' dir='ltr'><strong>egerint,</strong></span> <span class='ocrx_word' id='word_1_278' title='bbox 1212 3897 1323 3942; x_wconf 87' lang='lat' dir='ltr'><strong>rursus</strong></span> 
     </span>
     <span class='ocr_line' id='line_1_35' title="bbox 175 3969 1324 4066; baseline 0.003 -26"><span class='ocrx_word' id='word_1_279' title='bbox 175 3971 281 4040; x_wconf 86' lang='lat' dir='ltr'><strong>crevit</strong></span> <span class='ocrx_word' id='word_1_280' title='bbox 299 3970 435 4039; x_wconf 86' lang='lat' dir='ltr'><strong>animus.</strong></span> <span class='ocrx_word' id='word_1_281' title='bbox 484 3969 575 4040; x_wconf 90' lang='lat' dir='ltr'><strong>Hinc</strong></span> <span class='ocrx_word' id='word_1_282' title='bbox 590 3972 716 4040; x_wconf 87' lang='lat' dir='ltr'><strong>restitui</strong></span> <span class='ocrx_word' id='word_1_283' title='bbox 732 3995 847 4044; x_wconf 88' lang='lat' dir='ltr'><strong>omnes</strong></span> <span class='ocrx_word' id='word_1_284' title='bbox 862 3997 918 4045; x_wconf 89' lang='lat' dir='ltr'><strong>eas</strong></span> <span class='ocrx_word' id='word_1_285' title='bbox 938 3977 1065 4046; x_wconf 79' lang='lat' dir='ltr'><strong>forinas</strong></span> <span class='ocrx_word' id='word_1_286' title='bbox 1079 3977 1222 4066; x_wconf 78' lang='lat' dir='ltr'><strong>lonicus,</strong></span> <span class='ocrx_word' id='word_1_287' title='bbox 1239 3999 1324 4066; x_wconf 87' lang='lat' dir='ltr'><strong>qua-</strong></span> 
     </span>
    </p>
   </div>
   <div class='ocr_carea' id='block_1_6' title="bbox 178 4267 1323 4408">
    <p class='ocr_par' dir='ltr' id='par_1_6' title="bbox 178 4267 1323 4408">
     <span class='ocr_line' id='line_1_36' title="bbox 178 4267 1323 4343; baseline 0.008 -23"><span class='ocrx_word' id='word_1_288' title='bbox 178 4267 283 4320; x_wconf 84' lang='lat' dir='ltr'><strong>denmro</strong></span> <span class='ocrx_word' id='word_1_289' title='bbox 301 4287 319 4322; x_wconf 92' lang='grc' dir='ltr'><strong>ιι</strong></span> <span class='ocrx_word' id='word_1_290' title='bbox 335 4271 421 4324; x_wconf 82' lang='lat' dir='ltr'><strong>doctis</strong></span> <span class='ocrx_word' id='word_1_291' title='bbox 443 4270 500 4324; x_wconf 82' lang='lat' dir='ltr'><strong>iore</strong></span> <span class='ocrx_word' id='word_1_292' title='bbox 521 4268 673 4324; x_wconf 77' lang='lat' dir='ltr'><strong>hominibus</strong></span> <span class='ocrx_word' id='word_1_293' title='bbox 695 4269 722 4322; x_wconf 86' lang='lat' dir='ltr'><strong>in</strong></span> <span class='ocrx_word' id='word_1_294' title='bbox 745 4271 831 4326; x_wconf 85' lang='lat' dir='ltr'><strong>lucem</strong></span> <span class='ocrx_word' id='word_1_295' title='bbox 855 4273 1066 4343; x_wconf 73' lang='lat' dir='ltr'><strong>protrahet-etate</strong></span> <span class='ocrx_word' id='word_1_296' title='bbox 1087 4291 1149 4331; x_wconf 84' lang='lat' dir='ltr'><strong>eum</strong></span> <span class='ocrx_word' id='word_1_297' title='bbox 1172 4275 1280 4330; x_wconf 79' lang='lat' dir='ltr'><strong>omnino</strong></span> <span class='ocrx_word' id='word_1_298' title='bbox 1295 4274 1323 4328; x_wconf 86' lang='lat' dir='ltr'><strong>ia</strong></span> 
     </span>
     <span class='ocr_line' id='line_1_37' title="bbox 178 4336 930 4408; baseline 0.004 -16"><span class='ocrx_word' id='word_1_299' title='bbox 178 4336 294 4392; x_wconf 72' lang='lat' dir='ltr'><strong>Platonis</strong></span> <span class='ocrx_word' id='word_1_300' title='bbox 310 4337 436 4394; x_wconf 73' lang='lat' dir='ltr'><strong>ditium</strong></span> <span class='ocrx_word' id='word_1_301' title='bbox 450 4353 503 4396; x_wconf 84' lang='lat' dir='ltr'><strong>uon</strong></span> <span class='ocrx_word' id='word_1_302' title='bbox 512 4340 648 4406; x_wconf 75' lang='lat' dir='ltr'><strong>cecidisse,</strong></span> <span class='ocrx_word' id='word_1_303' title='bbox 657 4345 745 4408; x_wconf 75' lang='lat' dir='ltr'><strong>patet.</strong></span> <span class='ocrx_word' id='word_1_304' title='bbox 928 4363 930 4368; x_wconf 95' lang='lat'>·</span> 
     </span>
    </p>
   </div>
   <div class='ocr_carea' id='block_1_7' title="bbox 0 0 1476 4996">
    <p class='ocr_par' dir='ltr' id='par_1_7' title="bbox 0 0 1476 4996">
     <span class='ocr_line' id='line_1_38' title="bbox 0 0 1476 4996; baseline 0 0"><span class='ocrx_word' id='word_1_305' title='bbox 0 0 1476 4996; x_wconf 95' lang='lat' dir='ltr'><strong> </strong></span> 
     </span>
    </p>
   </div>
  </div>
 </body>
</html>
