2966 4990
631 385 730 452 041².
753 390 805 456 ot.
828 391 881 455 te.
1254 398 1315 459 ιιι

229 645 233 654 1
269 560 355 653 Cap.
382 557 444 629 5Ί.
499 557 664 630 Confecto
693 560 737 630 de
763 559 915 630 rationali
937 560 1094 651 principii
1122 570 1237 632 datura
1260 565 1315 632 di-

163 665 362 755 sputatione,
389 663 433 731 ad
461 685 501 729 ea
526 663 740 754 pergendum
756 671 815 748 est,
840 684 929 751 quae
954 663 1075 751 reliqui
1091 687 1208 733 eorum
1226 676 1314 734 tenr-

161 788 286 854 porum
317 763 515 857 physiologi
547 765 619 832 fere
652 765 725 832 sola
758 765 964 849 tractabant,
1009 766 1053 832 ad
1087 790 1200 834 rerum
1233 767 1312 838 dico

161 871 312 936 omnium
326 883 357 935 ο·
371 867 540 936 communi
557 867 650 934 initio
675 868 821 959 origines
847 866 1080 957 explicandas:
1107 891 1208 957 quam
1234 871 1313 958 qui-

161 967 240 1037 dem
267 971 496 1058 quaestionem
529 969 563 1035 in
595 969 723 1058 reliqua
756 969 868 1059 operis
893 976 991 1058 parte
1015 993 1035 1036 a
1060 969 1217 1062 Diogene
1242 981 1312 1039 tra-

160 1081 284 1140 ctatam
305 1073 422 1154 fuisse,
444 1070 626 1159 probabile
653 1080 725 1138 est·
762 1073 850 1138 Nam
872 1093 978 1160 quum
997 1093 1057 1157 ea,
1082 1095 1170 1160 quae
1195 1095 1309 1163 expo-

159 1174 221 1240 sita
246 1182 339 1258 sunt,
380 1172 460 1239 inde
486 1173 529 1240 ab
556 1173 667 1262 operis
693 1173 785 1240 initio
820 1182 987 1263 perpetuo
1013 1175 1163 1261 quodam
1189 1176 1309 1245 ordine

89 1264 92 1273 ¹
158 1274 202 1341 ad
229 1273 321 1344 huno
355 1297 460 1362 usque
485 1276 600 1342 locum
625 1276 795 1364 pertinere
819 1277 855 1342 in
880 1275 1017 1366 singulis
1043 1276 1307 1346 demonstratum

155 1377 215 1464 sit,
242 1399 349 1466 eaque
376 1377 506 1443 diversa
532 1376 595 1442 sint
620 1378 664 1443 ab
689 1378 747 1460 iis,
780 1376 825 1444 de
850 1378 970 1462 quibus
995 1379 1061 1444 iam
1088 1388 1220 1446 acturus
1246 1385 1306 1464 est,

154 1488 192 1545 ut
222 1479 277 1546 vel
302 1479 383 1546 inde
412 1501 536 1546 novam
567 1500 678 1544 rerum
711 1478 830 1544 seriem
855 1471 938 1546 hinc
964 1479 1109 1555 exordiri
1142 1480 1306 1549 credibile

154 1583 196 1648 sit
208 1603 220 1656 ,·
246 1581 375 1649 clarum
401 1581 501 1646 etiam
527 1576 625 1645 huius
650 1579 699 1645 rei
725 1578 965 1645 documentum
996 1587 1045 1644 est
1071 1581 1163 1667 apud
1190 1580 1305 1649 Gale-

153 1703 255 1765 num,
290 1681 382 1751 cuius
409 1703 428 1746 e
453 1671 533 1748 loco
558 1680 728 1766 quodam,
744 1701 857 1768 ouem
882 1680 969 1746 infra
994 1681 1131 1749 uberius
1155 1683 1307 1772 illustra-¹
1364 1751 1368 1756 ,

152 1783 283 1864 bimus,
316 1781 447 1870 liquido
474 1792 635 1872 apparet,
668 1779 860 1872 Diogenem
886 1782 920 1852 in
946 1782 1095 1850 secundo
1121 1784 1203 1876 rupi
1228 1779 1303 1876 φύ-

153 1912 239 1965 σεως
259 1884 348 1950 libro
376 1882 421 1950 de
443 1883 551 1952 foetus
570 1883 604 1948 in
623 1892 719 1950 utero
735 1883 1002 1953 conformatione
1016 1893 1051 1950 et
1063 1894 1157 1952 motu
1170 1887 1303 2004 egisse:

152 2010 240 2073 quae
266 2009 319 2054 res
346 1983 494 2053 dubitari
511 1985 637 2071 nequit,
663 1986 742 2074 quin
768 1985 812 2052 ad
839 1984 931 2054 hunc
955 2008 1067 2053 rerum
1086 1989 1180 2075 quasi
1203 2009 1302 2056 eom

149 2090 290 2186 plexum
316 2097 350 2157 et
376 2085 528 2156 ordinem
554 2087 731 2209 referenda
735 2087 814 2184 sit,
847 2087 904 2176 qui
931 2087 1100 2159 uberius
1091 2111 1157 2160 ram
1182 2111 1300 2178 perse-

149 2171 302 2280 quendus
329 2199 1111 2266 est..

252 2292 337 2383 Cap.
358 2287 425 2358 58.
462 2291 589 2360 Notum
616 2300 665 2359 est
691 2314 732 2359 ex
756 2253 939 2360 Aristotele
966 2293 1104 2380 eiusque
1130 2294 1298 2382 interpre-

146 2395 235 2464 tibus
250 2390 301 2486 ¹‚)
328 2416 444 2462 omnes
467 2394 636 2484 physicon,
663 2394 722 2479 qui
748 2403 805 2460 aut
831 2415 961 2478 aquam
981 2402 1038 2458 aut
1063 2399 1176 2459 adrem
1191 2394 1297 2482 prin·

148 2499 272 2588 oipium
308 2497 499 2576 statuerint,
541 2517 653 2560 rerum
687 2494 938 2580 generationem
966 2492 1133 2560 derivasse
1159 2516 1200 2560 ex
1227 2495 1296 2562 eius

145 2593 307 2692 parciore
335 2606 369 2664 et
394 2589 581 2666 πυκνώσει.
630 2592 735 2676 Quod
761 2615 866 2682 quum
893 2594 927 2659 in
953 2592 1145 2684 Diogenem
1171 2595 1295 2668 cadere

145 2708 277 2791 pateat,
305 2698 348 2764 ab
375 2696 528 2763 omuibus
554 2695 654 2760 etiam
678 2695 873 2762 nominatim
900 2696 932 2762 ci
955 2697 1119 2763 tribuitur.
1167 2695 1293 2788 Simpt

144 2823 181 2891 p
208 2798 245 2867 6.
272 2823 302 2866 a.
330 2821 350 2864 e
374 2796 635 2886 Theophrastor
676 2800 712 2876 ἐξ
738 2793 783 2867 οὗ
809 2794 944 2892 (α’έροι)
971 2800 1291 2889 πυκνουμένου

144 2901 220 2972 καὶ
245 2899 546 2993 μανονμένου
573 2897 631 2968 ναὶ
649 2892 943 2990 μεταβάλλοντος
957 2904 1041 2978 τοῖς
1063 2893 1202 2970 πάθεσι
1222 2925 1291 3021 την

143 3003 216 3073 τῶν
240 3001 355 3073 ἄλλων
380 3000 549 3093 γίνεσθαι
569 2994 727 3093 μόρφην.
780 3000 891 3092 Diog.
916 3000 1036 3068 Lotrt
1054 3001 1113 3084 lx,
1134 2998 1194 3066 bi.
1221 2994 1289 3071 τόν

143 3131 183 3175 νε
210 3099 300 3232 a’e'pa
325 3096 653 3222 πυκνούμενον
685 3100 744 3171 ναὶ
771 3094 1093 3196 ἀραιούμενον
1116 3129 1283 3196 γεννητι-

141 3232 205 3277 πον
233 3201 326 3277 εἶναι
352 3203 425 3275 τῶν
451 3202 605 3295 κοσμῶν
639 3201 787 3274 Euseb.
823 3225 941 3303 praep.
967 3226 1023 3270 er.
1037 3199 1106 3269 lt.
1133 3201 1187 3268 od.
1213 3203 1288 3269 Lu-

141 3315 197 3376 tet.
222 3311 437 3397 αοομονιοιιῐ
462 3305 500 3376 δὲ
535 3301 662 3386 οὕτως,
705 3302 766 3376 ὅτι
801 3304 870 3374 τοῦ
900 3297 1037 3382 monade
1069 3304 1285 3393 κινουμένου

140 3407 215 3482 ναὶ
241 3439 262 3506 ῃ
249 3402 420 3499 τ’μὲν
395 3402 562 3504 apolon
585 3403 607 3500 ᾗ
631 3405 677 3477 δὲ
700 3403 873 3482 πυννοῦ
892 3405 1144 3504 γινομένου
1166 3411 1229 3472 oet.
1238 3399 1284 3494 2).

140 3708 368 3775 παραπέμπεται,
379 3710 484 3792 ,ταῦτα
500 3705 607 3791 μᾶλλον
623 3705 774 3758 κινεῖσθαι.
798 3695 895 3754 uoi'
862 3719 915 3768 γαρ
931 3701 1026 3754 πλεῖον
1044 3697 1099 3756 ἀπὸ
1119 3699 1229 3755 τούτων
1245 3701 1283 3756 εἰ·

139 3776 189 3838 ade
207 3777 335 3832 ἕλκεσθαι
351 3797 390 3866 ιφ
379 3777 440 3831 td
460 3773 608 3842 ἑλκόμενον
630 3770 661 3828 ἐν
683 3770 775 3846 ἑαυινῑ
797 3767 869 3840 μηδὲ
891 3765 1129 3840 πληρούμενον”
1109 3767 1164 3826 υιι
1181 3768 1281 3834 αυιον,

140 3843 202 3902 ‹ttt'
222 3842 322 3914 ὅμοιον
338 3845 447 3915 μένειν,
465 3843 553 3900 ἕλκειν
569 3849 618 3898 eet

208 3950 246 4033 1)
258 3950 390 4002 Aristot.
344 3951 503 4036 ‘Metopb
521 3949 546 4012 1,
565 3945 591 3999 4
606 3945 714 4030 Phyric.
733 3943 759 4009 1,
776 3943 803 3999 7.
822 3943 912 4010 Simpl.
918 3959 959 4025 p.
974 3941 1047 4000 tao.
1066 3939 1113 3996 uui
1131 3930 1214 4000 orizae
1230 3933 1282 4004 μὲν

141 4016 181 4081 εἷς
197 4016 301 4084 τρόποι
316 4036 372 4070 ιων
390 4037 419 4070 εν
435 4037 467 4070 ιο
487 4036 521 4070 ον
537 3983 764 4079 incendendum
788 4015 840 4097 roi
851 4006 989 4098 μανότητι
1010 4011 1057 4064 καὶ
1080 4005 1232 4070 πυκνότητι
1247 4005 1281 4060 td

138 4090 248 4172 πλῆθος
265 4086 321 4141 triv
339 4082 431 4141 ὄντων
448 4079 619 4149 ὖφιοιάνιιν.
638 4080 729 4148 ἔτερος
743 4078 774 4138 di
791 4078 893 4167 τρόπος
910 4076 982 4135 καθ’
1001 4079 1034 4133 ὃν
1052 4074 1144 4130 norim
1156 4071 1212 4161 τὴν
1229 4093 1279 4160 με·

137 4153 241 4228 vatata·
242 4175 258 4209 ν
280 4157 330 4244 τῆς
347 4153 416 4220 υλης
434 4155 596 4216 αἰτιῶνται,
620 4149 687 4210 ουδὲ
707 4146 778 4205 κατὰ
796 4147 942 4206 ἀλλοίωσιν
959 4151 1012 4203 rori
1029 4139 1213 4266 υποιιειμένον
1231 4139 1281 4206 τὰς

138 4225 254 4298 γενέσεις
270 4222 472 4288 ἀποδιδόασιν,
491 4217 560 4276 ἀλλὰ
577 4221 648 4275 κατὰ
667 4219 797 4290 ἔκκρισιν.
1387 4279 1395 4286 .

203 4313 235 4381 2)
253 4312 352 4366 Gontrn
368 4311 437 4364 Ιιιιοο
453 4307 551 4362 nudius
567 4307 694 4362 momenti
708 4311 785 4374 runt,
808 4321 876 4374 quoe
891 4302 974 4356 babet
989 4299 1145 4370 Simplicius
1162 4319 1189 4368 p.
1206 4299 1280 4354 tua.
