2966 4990
196 447 259 512 rut
690 434 788 502 (lrtl'.
809 441 862 508 il.

196 605 296 704 polus
312 613 508 684 antarcticus
526 613 560 680 in
582 611 702 680 intimis
725 611 843 682 muntii
865 607 949 680 loeis
968 607 1112 698 antiquis
1132 609 1199 678 iliis
1219 609 1346 700 pirys'i-

197 717 244 788 cis
269 717 454 786 collocatus
476 739 549 784 esse
571 714 764 801 ridebatur,
805 735 874 802 quo
904 712 989 779 nulli
1019 733 1174 800 unquam.
1198 735 1346 806 vapores

197 819 456 896 ‹ieicrebantum
478 818 537 884 sed
555 818 718 906 quicquid
742 817 826 885 aeris
846 817 948 884 eti-arn
968 817 1029 882 su'b
1052 826 1141 883 terra
1156 827 1260 900 esset,
1283 809 1341 884 ta·
1371 907 1374 910 Ι

198 946 275 991 men
298 933 416 990 natura
438 943 497 987 sua
519 922 692 1010 superiora
714 930 832 1011 petere
856 920 1062 1007 statuebant,
1090 918 1180 986 unde
1203 922 1342 988 Anarta-

197 1047 324 1116 gorae‚
350 1031 388 1091 ut
401 1023 445 1091 ad
459 1022 528 1091 hoc
550 1045 653 1090 unum
675 1023 913 1115 documentum
930 971 1076 1112 exempii
1097 1043 1197 1090 causa
1212 1042 1343 1122 proso

198 1150 284 1210 cem,
310 1136 419 1195 terrae
434 1127 559 1193 molem
579 1109 772 1196 subiacente
785 1133 863 1194 aere
875 1145 988 1244 eoque
1002 1121 1130 1193 sursum
1144 1125 1217 1192 luto
1233 1126 1343 1192 subli-

198 1253 288 1298 mem
310 1230 416 1298 teneri
436 1229 574 1320 placuit.
624 1231 723 1299 Haec
749 1231 854 1322 igitur
878 1226 1046 1296 verissima
1075 1245 1175 1296 causa
1198 1227 1342 1348 vitiator,

199 1354 260 1401 cur
278 1333 416 1400 coelum
427 1330 622 1400 inclinatum
639 1355 709 1400 esse
721 1332 871 1400 statuerit
885 1331 1069 1456 Diogenes
1118 1330 1231 1415 Quam
1249 1332 1340 1400 enirn

198 1434 405 1519 Placitorum
428 1434 573 1526 scriptor
598 1433 693 1501 addit
719 1434 919 1518 rationem,
932 1435 1014 1512 ἴσως
1048 1427 1120 1504 sind
1152 1431 1339 1526 προνοίας,

199 1542 259 1609 ἵνα
287 1535 312 1607 ci
337 1536 405 1628 μέν
431 1559 515 1606 τινα
544 1531 695 1658 αἰιιίιηια
721 1537 881 1657 γένηται,
909 1531 949 1606 oi'
961 1529 1131 1642 δοίιιηιιὲ
1156 1536 1248 1628 μέρη
1270 1536 1344 1605 aori

200 1633 339 1729 κόσμου
373 1631 468 1709 aurci
501 1631 609 1730 ψύξιν
641 1637 701 1708 aui
733 1630 932 1734 ἐκπύρωσιν
964 1636 1025 1708 ιιαὶ
1054 1632 1344 1730 concuciuntur
1302 1659 1347 1704 eu

200 1739 269 1808 sive
286 1740 419 1829 abipso
435 1740 502 1806 sive
518 1740 563 1806 ab
578 1739 643 1805 alio
657 1741 838 1830 scriptore,
863 1763 965 1828 quem
982 1737 1221 1826 sequebatur,
1210 1749 1344 1806 tarenta

200 1856 267 1924 est,
302 1854 402 1930 atque
424 1865 465 1909 ex
489 1843 714 1933 Anaxagorae
736 1844 879 1910 maxime
908 1841 1059 1912 doctrina
1074 1841 1197 1925 ducta,
1231 1863 1342 1929 quem,

201 1946 259 2013 ubi
281 1967 393 2012 rerum
416 1967 530 2014 causas
554 1946 759 2013 naturalibus
779 1946 902 2012 viribus
922 1945 1091 2034 explicare
1119 1965 1188 2012 non
1219 1953 1342 2034 posset,

202 2055 376 2130 „montem
398 2048 642 2136 pertraxisset·
669 2056 826 2132 constat,¹
848 2047 971 2140 ‚June
1003 2047 1099 2136 quood
1131 2046 1222 2114 haec
1248 2033 1343 2112 meus

201 2149 339 2217 voluilt‘
364 2147 542 2216 dicentem.
596 2151 797 2238 Quanquam
825 2158 859 2216 et
884 2151 1074 2240 Diogenem
1095 2142 1246 2244 νοήσεως
1260 2170 1343 2215 con-

202 2251 275 2321 silio
306 2251 578 2341 et'prqvidentia
610 2251 655 2318 ad
679 2251 922 2320 moderandam
951 2252 1070 2319 mundi
1095 2252 1343 2318 inclinationem

202 2376 298 2422 usum
318 2352 434 2436 fuisse,
460 2375 526 2419 non
543 2351 755 2444 negaverim,
782 2373 885 2444 quum
905 2376 1040 2422 omnem
1052 2356 1086 2421 iu
1102 2377 1213 2422 rerum
1228 2363 1343 2419 natura
1452 2377 1453 2450 q

203 2455 547 2548 pulchritudinem-et
566 2456 717 2524 ordinem
736 2479 778 2525 ex
794 2457 864 2526 hoc
879 2456 973 2526 fonte
987 2458 1162 2525 derivaret.-
1213 2455 1344 2534 Pendet
1452 2460 1453 2480 ¹

204 2572 315 2642 sptem
334 2581 374 2625 ex
390 2560 477 2628 coeli
499 2559 713 2627 intimatione
736 2561 920 2648 aequabilis
940 2563 1000 2626 ista
1022 2561 1142 2627 caloris
1157 2569 1189 2627 et
1211 2558 1343 2649 frigoris

204 2685 268 2753 per
280 2670 383 2728 terras
397 2661 600 2740 distributim
625 2663 659 2728 in
674 2674 766 2732 recta
782 2672 894 2731 autem
911 2662 1141 2730 distributione
1158 2685 1268 2729 rerum
1287 2685 1345 2728 or-

204 2764 251 2831 do
272 2774 305 2831 et
324 2764 543 2854 pulchritudo
565 2765 721 2832 consistit.
749 2765 810 2856 (of.
827 2767 867 2831 fr.
886 2765 952 2856 lV)
1005 2766 1074 2833 Sed
1096 2765 1265 2856 Diogenes
1278 2787 1344 2830 non

205 2867 302 2935 aliter
326 2869 376 2936 uti
398 2867 485 2934 solet
511 2861 632 2962 νοήσει
643 2922 656 2954 ,
690 2890 790 2956 quarn
813 2877 849 2935 ut
873 2859 1040 2935 naturales
1062 2892 1172 2936 rerum
1197 2868 1281 2934 vires
1301 2867 1345 2933 ab

204 2970 278 3059 ipsa
294 2969 473 3058 gubernari
487 2991 527 3036 ac
541 2969 739 3060 regi-dicat:
766 2993 807 3038 ex
827 2994 914 3058 quo,
946 2971 1038 3036 nullo
1058 2971 1283 3038 modo'totam
1307 2991 1346 3036 ac

205 3072 342 3164 plenam
356 3070 423 3138 illis
437 3067 641 3146 Placitorum
654 3073 764 3139 verbis
779 3071 1024 3164 comprehendi
1044 3096 1196 3156 causam,
1222 3073 1347 3139 intelli·

205 3174 313 3268 gitur,
357 3197 424 3262 qua
451 3174 647 3264 impellente
676 3173 848 3266 Diogenes
873 3173 1034 3243 mundum
1060 3177 1252 3244 inclinatum
1277 3199 1347 3242 esse

205 3276 395 3348 crediderit.
447 3277 569 3344 Mundi
587 3287 697 3346 autem
714 3279 817 3363 ordo,
842 3279 1055 3348 inclinatione
1076 3280 1136 3346 ista
1156 3281 1280 3360 factm,
1305 3299 1346 3345 ne

205 3383 325 3450 iterum
345 3380 496 3448 turbetur
511 3381 687 3471 magisque
701 3382 853 3459 coelum,
883 3405 984 3469 quam
1003 3405 1066 3473 par
1082 3393 1148 3466 est,
1175 3369 1342 3474 deprima-

205 3493 277 3567 tur,
303 3483 438 3552 minime
456 3483 638 3551 verendum
657 3493 714 3552 est.
766 3483 892 3552 Partim
914 3485 999 3552 enirn
1014 3485 1076 3568 sol,
1103 3485 1161 3574 qui
1176 3485 1240 3550 iam
1255 3505 1346 3549 sum-

206 3607 300 3650 mum
315 3586 421 3654 ferme
444 3586 577 3656 coelum
603 3587 748 3670 obtinet,
777 3589 889 3656 calore
905 3611 965 3654 suo
990 3587 1112 3670 eflicit,
1140 3598 1174 3654 nt
1190 3608 1347 3676 suprema

208 3687 296 3756 coeli
320 3688 412 3770 loca,
438 3689 531 3778 quod
555 3691 693 3777 quidem
712 3699 828 3757 natura
844 3690 1010 3780 postulat,
1037 3690 1201 3759 levissimo
1219 3701 1253 3758 et
1266 3687 1347 3756 sub-

206 3789 356 3857 tilissimo
381 3811 515 3878 semper
536 3799 615 3860 aiere
636 3793 765 3882 repleta
795 3791 874 3881 sint,
907 3793 1031 3881 partim
1055 3817 1134 3862 vero
1163 3792 1347 3861 etiamalio

207 3891 336 3960 ratione
355 3900 491 3960 cautum
516 3903 583 3977 est,
613 3918 657 3964 ne
678 3893 860 3983 ponderosi
888 3896 1073 3988 frigidique
1095 3897 1196 3981 aeris,
1230 3895 1287 3984 qui
1315 3895 1347 3961 in

207 3994 520 4086 septentrionalibus
542 3996 628 4063 coeli
650 3997 761 4088 plagis
782 4010 917 4090 regnat,
944 4001 989 4066 ita
1011 4009 1174 4090 augeatur
1196 4019 1347 4066 momen·
1452 3985 1453 3992 ἵ

207 4106 296 4188 tum,
323 4109 358 4168 ut
377 4098 486 4192 magis
508 4100 608 4166 etiam
628 4101 864 4190 deprimantur.
915 4101 1140 4179 Manacarta
1163 4101 1348 4170 contrario·
1452 4099 1453 4108 ’

208 4222 282 4267 ιιιιιι
305 4192 471 4292 generum
493 4226 597 4296 quum
616 4202 733 4296 frigidi
753 4214 786 4271 et
814 4203 960 4292 humidi,
995 4217 1065 4273 tum
1087 4205 1189 4284 calidi
1212 4213 1245 4273 et
1271 4203 1348 4272 sicci

209 4303 302 4392 quasi
329 4316 531 4394 perpetuum
562 4307 736 4396 quoddam
769 4316 956 4392 certamen,
1006 4333 1074 4398 aquo
1102 4308 1244 4376 invicem
1278 4330 1373 4374 sese¹
