2966 4990
613 449 726 524 ,cult
755 445 797 518 to
1222 453 1285 521 ΙΝ

139 643 229 694 nunc
254 628 319 702 est3
345 623 464 714 polum
481 638 549 690 non
574 621 718 715 amplius
743 645 843 715 snpra
862 621 1011 695 ,rnatum
1032 632 1141 704 terrae
1166 646 1285 716 super-

138 725 251 796 liciem
276 726 424 816 positum
451 748 525 794 esse
550 729 713 816 apparet,
738 725 799 796 sed
821 725 927 818 magis
953 725 997 794 ad
1024 727 1285 816 septentrionem

86 877 88 881 -
139 851 353 898 conversum:
386 827 480 919 qued
509 829 669 899 accidisse
698 829 744 898 uit
768 827 973 896 Placitorum
999 830 1143 920 scriptor
1168 831 1286 903 maadi

138 953 251 1000 versus
278 931 454 1001 meridiem
479 931 702 1002 inclinatione.
753 929 922 998 Mundum
949 937 1061 1004 aotam
1087 926 1168 1023 (τόν
1192 928 1284 1008 edu·-

138 1033 225 1126 μον)
256 1055 376 1124 param
402 1044 559 1105 accurate
578 1033 687 1122 dixit,
712 1033 1031 1122 quandoquidem,
1065 1035 1286 1116 si-universus

138 1135 283 1204 mundas
307 1137 482 1206 inclinatus
505 1145 609 1222 esset,
642 1135 786 1206 eandem
813 1138 994 1206 etiamnum
1021 1145 1055 1206 et
1079 1138 1213 1208 coelum
1239 1139 1285 1211 ad

137 1249 261 1308 terram
288 1239 455 1308 obtineret
475 1239 588 1308 locam
603 1249 739 1307 etterra
760 1238 804 1306 ad
832 1239 985 1308 coelum:
1011 1261 1053 1306 ex
1077 1261 1147 1328 quo
1173 1263 1286 1334 appa-

136 1349 205 1424 ret,
231 1351 364 1431 partem
390 1352 518 1413 tantam
545 1342 688 1410 universi
714 1341 836 1410 mundi·
865 1342 1057 1412 inclinatam
1088 1366 1170 1414 csse.
1226 1346 1284 1429 Et,

136 1444 163 1513 si
185 1443 339 1530 dixisset,
374 1445 426 1514 ud
450 1445 742 1535 septentrionem,
775 1443 866 1510 clara
893 1452 1002 1512 essent
1027 1443 1157 1521 omnia3
1195 1467 1285 1514 nuuc

137 1566 237 1628 vero,
278 1569 384 1632 quam
418 1545 471 1614 ad
507 1544 693 1614 meridiem
720 1542 830 1626 dicat,
869 1565 1073 1634 quocunque
1106 1555 1285 1632 vertamur,

22 1672 25 1733 ;
62 1702 64 1706 .
136 1655 250 1716 tantae
275 1647 400 1735 abique
426 1645 670 1714 offerunt'sese
694 1646 930 1728 difficultates,
964 1646 1000 1714 iu
1024 1646 1147 1734 quibus
1170 1649 1283 1726 comi-

22 1760 32 1835 2.
137 1748 293 1818 demodis
311 1750 439 1818 aninms
464 1749 499 1815 in
520 1748 701 1819 contrarias
720 1749 895 1816 semetrtias
911 1749 1131 1836 «retrahitur,
1148 1762 1185 1818 ut
1201 1753 1284 1824 certi

15 1881 16 1886 ¹
52 1854 56 1868 ’
134 1851 221 1940 quid
258 1852 293 1920 in
322 1852 390 1920 bac
414 1852 588 1920 restituere
614 1851 852 1922 difficillimum
878 1852 929 1918 sit.
978 1853 1067 1920 Nam
1092 1875 1202 1941 quarn
1223 1854 1285 1922 tri-

20 2040 24 2053 ·
135 1954 218 2046 plex
243 1957 285 2022 sit
317 1955 418 2024 haias
448 1953 668 2024 inclinationis
700 1952 923 2049 explicandae
948 1956 1052 2039 ratio,
1082 1955 1213 2046 prima,
1246 1967 1284 2028 at

15 2051 17 2138 ᾖ
135 2067 224 2126 terra
249 2057 407 2127 inclinata
433 2079 504 2126 esse
530 2056 679 2142 dicatur,
707 2057 830 2141 altera,
856 2059 1069 2138 eteoclem,
1094 2059 1192 2136 tertia
1217 2059 1278 2130 de-

136 2159 256 2248 nique,
281 2170 320 2228 at
344 2171 525 2248 utmmque
550 2170 619 2229 tam
643 2161 779 2230 coelum
794 2181 896 2248 quam
922 2169 1026 2241 terra3
1051 2158 1173 2230 haram
1190 2163 1281 2232 nulla

135 2263 326 2332 satisfacere
366 2263 499 2331 videtur
538 2263 583 2330 ad
627 2284 743 2330 omnes
785 2261 1003 2334 difficultates
1042 2262 1280 2350 dispelleodas.

16 2429 17 2434 ,
133 2363 215 2434 Sed
231 2365 277 2435 de
303 2365 443 2458 singulis
469 2367 653 2436 accuratius
679 2365 921 2432 disserendam.
989 2363 1140 2434 Primmn
1177 2366 1282 2455 igitar

133 2465 160 2534 si
190 2475 314 2538 tetram
344 2467 538 2538 inclinatam
569 2489 641 2534 esse
673 2473 796 2532 statuas
829 2464 863 2532 in
903 2453 1125 2532 meridianam
1164 2465 1281 2550 ananeli

133 2578 283 2657 partem
309 2591 384 2636 eam
410 2566 548 2655 quidem
574 2568 770 2634 sententiam
797 2565 971 2656 amplexus
998 2575 1047 2632 est
1069 2565 1105 2634 J.
1125 2568 1171 2636 Η.
1192 2570 1280 2643 Vos-

16 2670 25 2748 ,'
132 2669 206 2738 sius
230 2679 266 2738 et
289 2668 335 2738 ll.
365 2667 638 2738 Schoudaclrias
663 2669 833 2758 (anaxag.
850 2689 885 2758 p.
898 2664 1017 2756 tm),
1043 2691 1169 2761 magua
1188 2683 1280 2745 uter.

134 2794 202 2859 que
226 2771 426 2842 auctoritate
456 2773 524 2850 vir3
565 2770 626 2840 sed
658 2780 771 2843 tamea
803 2771 923 2838 mirum
955 2769 1108 2854 videtur,
1143 2785 1278 2860 tetrarte,

16 2881 17 2898 ¹
133 2896 222 2962 quae
247 2876 292 2944 ab
318 2875 474 2944 omnibus
495 2873 734 2962 antiquioribus
757 2872 971 2964 physiologis
995 2877 1182 2966 praecipua
1206 2877 1279 2947 fere

132 2977 233 3046 totius
258 2977 374 3046 mundi
399 3001 477 3068 pars
503 2977 649 3046 babetur
681 2987 715 3045 et
739 2978 903 3064 maxima,
936 2976 981 3047 ad
1012 2999 1115 3064 quam
1147 2981 1279 3070 reliqua

133 3082 247 3150 omnia
272 3081 437 3164 referunt,
463 3080 603 3168 oblique
631 3080 774 3172 positam
800 3103 889 3162 esse,
915 3089 953 3146 ut
980 3081 1154 3164 omittam,
1183 3084 1279 3170 qaod

130 3183 205 3250 talis
229 3193 338 3251 terrae
356 3194 457 3252 status
480 3183 514 3250 in
534 3182 627 3250 ornni
650 3183 837 3268 antiquiore
862 3179 1084 3270 philosophia
1107 3183 1177 3252 sinc
1205 3185 1278 3254 ullo

133 3286 291 3378 exemplo
307 3275 380 3354 est(
418 3284 490 3356 Sed
510 3283 677 3354 accedant
691 3282 757 3350 alia
774 3292 971 3374 argumenta
987 3305 1096 3370 eaque
1108 3289 1278 3378 graviora,

132 3409 311 3476 quaecum
326 3386 396 3456 bac
412 3389 543 3456 ratione
559 3407 714 3478 pugnare
733 3386 895 3457 videntur.
949 3384 1043 3470 Quid
1061 3387 1175 3456 enim?
1187 3399 1278 3460 tarra

132 3511 245 3559 versus
266 3490 442 3560 meridiem
466 3491 622 3560 inclinata
655 3510 766 3557 nonne
793 3490 903 3558 omnis
932 3486 1064 3556 Oceani
1092 3513 1181 3580 aqua
1220 3515 1278 3562 re-

132 3591 218 3662 lictis
249 3593 565 3685 septentrionalibus
598 3591 793 3684 regionibus
822 3613 864 3668 eo
895 3589 1016 3660 flueret
1036 3614 1174 3662 necesse
1194 3605 1277 3679 erat,

132 3715 203 3784 qao
218 3704 306 3766 terra
322 3695 592 3788 deprimeretur?
617 3715 728 3764 nonne
748 3702 820 3764 tota
834 3693 946 3784 Libya
964 3715 1157 3786 magnaque
1175 3699 1277 3768 Asiae

21 3865 24 3872 ,
132 3819 211 3890 pars
234 3799 334 3868 maris
348 3797 583 3870 mediterranei
597 3798 771 3887 fluctibus,
796 3807 906 3866 terrae
930 3797 1155 3870 declinatione
1170 3821 1275 3878 exun-

132 3899 304 3987 dantibus,
342 3901 454 3972 offasa
488 3901 597 3972 esset?
642 3902 756 3970 Nilum
778 3909 891 3970 autem
919 3901 1102 3989 etreliqua
1125 3902 1276 3986 flumine,

130 4025 277 4091 quorum
290 4025 434 4092 aqueae
457 4005 647 4072 meridianis
661 4005 776 4095 plagis
797 4003 841 4070 ad
863 4003 1137 4094 septentrionales
1156 4005 1276 4089 fluant,

130 4127 304 4175 sursamne
314 4105 401 4178 baec
415 4132 455 4177 eu
466 4108 677 4178 inferioribus
692 4107 776 4178 locis
790 4106 1001 4178 adscendisse
1015 4105 1276 4199 dicamusprae·

131 4218 182 4278 ter
197 4209 374 4278 naturam?
399 4215 454 4280 An
473 4211 675 4282 notissimam
696 4215 793 4280 istam
808 4212 941 4301 legem,
965 4231 1032 4297 qua
1054 4211 1191 4280 flumina
1212 4235 1274 4280 na-

134 4321 207 4383 tura
218 4337 278 4384 saa
290 4313 450 4384 inferiora
461 4337 596 4408 semper
613 4317 691 4388 loca
711 4323 849 4406 petrina,
875 4314 1069 4401 ubicunque
1086 4315 1186 4386 etiam
1199 4339 1273 4384 me-

175 4449 333 4493 nrasense.
1019 4431 1044 4498 9
