2966 4990
567 427 667 536 our.
690 459 815 588 n1te
943 544 952 557 s
1216 481 1279 543 aas

132 644 257 716 adoriri
285 665 327 714 oo
353 643 610 736 deprineipntu
637 647 793 736 pugnare
825 645 989 716 videntur.
1051 647 1192 718 ‘Etenim
1225 669 1280 715 asu

132 750 227 818 sidue
252 770 341 837 aqua
364 746 537 816 luminum
567 749 779 836 maximeque
805 751 921 836 maris,
955 749 1034 818 solis
1060 752 1161 819 radiis
1180 762 1278 842 tepe-

18 887 20 890 ·
133 855 243 936 laum,
266 862 427 942 vaporata
456 852 516 940 qui
531 873 686 942 vapores,
713 853 798 920 sicut
813 851 927 920 oleum
940 853 974 920 in
988 855 1124 921 lucerne
1139 876 1182 921 eo
1193 855 1280 938 lluit,

131 955 382 1044 quaeruntur,
408 964 526 1022 natura
543 955 650 1022 suain
667 977 725 1023 eas
737 957 923 1046 praecipue
945 957 1031 1025 coeli
1052 958 1210 1047 regiones
1224 958 1282 1024 fe-

132 1066 264 1144 runtur,
291 1079 379 1146 quoe
404 1059 547 1125 maxime
571 1059 684 1127 calore
699 1059 899 1126 inaruerunt.
951 1060 1043 1127 Hinc
1059 1060 1285 1150 plurimarum

133 1181 245 1228 rerum
270 1181 390 1228 causae
410 1161 636 1250 repetendam
660 1159 756 1246 hino,
786 1171 820 1228 ut
843 1163 980 1230 solaiea
1000 1163 1163 1250 referam,
1194 1185 1283 1251 quae

132 1264 323 1354 Diogenem
345 1263 606 1332 ‹loeuisse‘eerto
631 1274 777 1346 constat,
804 1265 874 1348 sol,
901 1265 998 1348 luna,
1024 1265 1151 1358 sillero,
1179 1287 1283 1352 aquas

133 1364 178 1433 ad
193 1389 229 1432 se
243 1367 378 1432 trahere
400 1366 570 1448 ridentur,
597 1367 718 1452 quibus
733 1367 864 1433 alantur
880 1389 921 1435 ac
936 1353 1175 1445 sustententur3
1198 1369 1283 1437 ltine
1339 1377 1341 1382 ’

132 1468 327 1538 solisannui
340 1478 374 1535 et
388 1489 586 1560 progressus
603 1476 636 1534 et
652 1489 823 1556 regressus
840 1469 1050 1557 explicandis
1074 1467 1156 1536 hino
1170 1469 1282 1536 admi-

133 1571 244 1636 rabilis
258 1571 318 1636 ista
335 1573 433 1638 cerus
448 1569 658 1656 temporibus
679 1569 748 1635 Nili
771 1570 951 1638 exundatio
963 1571 1176 1654 ,derivarida3
1201 1571 1284 1640 hino

132 1672 257 1738 tonitru
277 1671 424 1740 efficitur
437 1682 471 1740 et
484 1671 601 1764 fulgur
605 1693 618 1756 3
644 1669 726 1740 hino
745 1669 891 1760 denique
907 1673 1036 1742 mundo
1049 1674 1199 1757 interitus
1215 1675 1281 1742 im·-

133 1774 283 1842 minebit.
1067 1803 1084 1816 ·=
1131 1785 1134 1794 ’

239 1943 325 2034 Cap.
353 1941 414 2014 78.
483 1946 536 2014 Ac
561 1943 605 2012 de
634 1942 780 2012 siderum
803 1943 941 2033 quidem
969 1946 1147 2016 nutritione
1179 1970 1281 2037 supra

134 2045 262 2115 dietum
277 2057 342 2126 esta
368 2047 525 2136 sequitur,
542 2059 578 2114 ut
593 2047 670 2113 item
687 2047 731 2114 de
745 2048 860 2116 annuis
874 2049 952 2118 solis
970 2051 1212 2118 reversionibus
1227 2051 1281 2119 di-

134 2161 247 2233 catur,
272 2173 355 2238 quas
370 2143 713 2240 rpouoricappellant
731 2151 864 2221 Graeci.
917 2150 1049 2234 Quibus
1076 2175 1180 2240 quum
1208 2175 1283 2220 rna-.

134 2252 223 2320 xima
238 2275 280 2320 ex
303 2263 398 2342 parto
419 2262 510 2320 ratae
533 2276 573 2322 ac
591 2253 747 2320 definitae
761 2253 969 2346 singulorum
992 2254 1066 2325 anni
1088 2267 1282 2346 temporum

134 2355 371 2424 vicissitudines
403 2366 617 2446 regerentur,
666 2379 809 2444 quarum
839 2356 1026 2423 ordinatam
1064 2358 1282 2427 mutationem

134 2467 312 2548 tantopere
333 2458 560 2528 admirabatur
582 2458 771 2544 Diogenes,
798 2457 871 2542 quis
897 2466 962 2538 est,
989 2458 1070 2544 quin
1090 2458 1282 2552 diligentis-

135 2560 217 2626 sime
247 2561 356 2648 ipsum
393 2560 427 2624 in
450 2561 563 2624 earum
595 2578 709 2624 causas
740 2557 943 2645 inquisivisse
975 2559 1118 2628 credat?
1167 2561 1282 2644 Quam

136 2661 271 2726 obrem
298 2681 508 2748 magnopere
532 2657 719 2726 dolendum
742 2668 806 2747 est,
833 2669 901 2726 tam
922 2647 1075 2728 mancam
1093 2663 1189 2730 nobis
1211 2687 1283 2730 sor-

136 2771 247 2830 vatam
264 2784 333 2829 esse
348 2761 448 2828 huius
462 2761 510 2827 rei
526 2747 777 2851 exposiiionem.
828 2763 917 2830 Nam
932 2761 1119 2848 Stobueus‚
1134 2765 1191 2832 ubi
1204 2765 1282 2855 (1.1)

22 2927 25 2936 ,
137 2865 246 2934 solem
269 2888 289 2930 e
308 2864 473 2956 Diogenis
495 2875 607 2932 mente
629 2864 756 2954 pumici
778 2865 919 2932 similem
949 2866 1160 2954 aetherisque
1182 2867 1284 2934 radiis

135 2976 346 3060 penetratum
364 2989 435 3034 esse
452 2966 599 3050 dixerat,
625 2967 748 3035 eorlem
771 2969 929 3036 orationis
947 2979 1065 3036 tenore
1081 2970 1180 3038 addit
1195 2969 1285 3038 haee

137 3092 262 3162 pauca:
289 3063 362 3140 rioci
388 3071 426 3142 ds*
453 3069 522 3140 rori
547 3065 892 3166 oivrtpiuroorocrqi
909 3066 1114 3168 θερμότητι
1139 3073 1284 3167 ψυχροῦ

138 3175 359 3263 σβέννυσθαι
391 3166 475 3260 (τόν
497 3168 626 3262 ἥλιον1.
679 3175 792 3258 Quam
819 3175 1013 3240 sententiam
1037 3197 1080 3240 ne
1102 3174 1148 3241 de
1169 3175 1284 3260 quoti-

138 3275 240 3343 diano
264 3275 342 3342 solis
364 3295 487 3342 occasu
512 3275 736 3363 accipiamus,
774 3284 866 3342 vetat
893 3277 1118 3344 testimonium
1143 3275 1220 3344 libri
1239 3274 1284 3342 de

137 3377 290 3460 Placide,
317 3377 376 3444 ubi
398 3376 518 3444 eadem
541 3377 576 3444 in
599 3377 715 3446 locum
738 3377 826 3471 ’περὶ
850 3379 995 3469 τροπῶν
1023 3375 1128 3472 ἡλίου
1158 3379 1284 3446 reiecta

138 3480 314 3569 reperitur.
384 3479 544 3548 Ceterum
580 3481 664 3569 quid
692 3480 753 3548 sibi
782 3479 926 3548 voluerit
957 3480 1147 3571 Diogenes,
1187 3479 1285 3548 haud

139 3584 321 3652 obscurum
347 3605 418 3650 esse
444 3592 556 3672 potest
581 3582 630 3669 ei,
664 3583 819 3672 quitum
844 3604 934 3670 quae
960 3581 1066 3650 modo
1100 3583 1144 3650 de
1170 3582 1285 3652 humi-

140 3685 259 3752 dorum
291 3678 543 3754 esbuntiorum
575 3688 610 3753 iu
644 3685 808 3756 arefactas
846 3685 935 3754 coeli
965 3685 1123 3777 regiones
1154 3687 1290 3777 impetu⁴

123 3797 404 3862 ,commemorata
427 3799 517 3871 sunt,
544 3791 657 3856 animo
681 3797 812 3868 teneat;
839 3796 910 3856 turn
937 3788 970 3856 in
996 3789 1285 3880 comparationem

139 3899 240 3959 vocet
264 3888 387 3956 similes
413 3890 554 3956 aliorum
579 3891 864 3983 physiologorum
891 3893 1085 3974 sententias,
1118 3912 1203 3978 quos
1227 3891 1286 3958 iis·
1382 3977 1384 3984 y

141 3991 221 4060 dem
253 3991 327 4060 fere
360 3992 568 4081 temporibus
607 3995 707 4062 fuisse
739 4002 886 4063 constat:
934 3997 1173 4084 Anaxagoram
1205 3992 1289 4064 dieo·

18 4127 19 4134 ¹
140 4105 242 4184 utque
267 4093 526 4184 Empedoclem.
554 4095 616 4185 (cf.
633 4095 860 4167 Senauuach.
887 4099 994 4167 Anax.
1017 4095 1103 4164 loo.
1117 4097 1161 4186 s.)
1202 4097 1289 4166 Eto-
1368 4167 1372 4174 ,

18 4213 20 4268 ἱ
140 4198 209 4266 nim
239 4197 311 4281 sol,
351 4197 432 4264 dum
466 4200 541 4288 ipsa
575 4199 709 4269 levitate
742 4222 799 4268 sua
824 4198 930 4267 altius
955 4199 1149 4290 semper'in
1189 4201 1288 4269 coelo

141 4302 246 4369 lertur
269 4300 477 4392 propiusque
503 4302 638 4371 accedit
662 4304 706 4371 ad
733 4308 951 4391 maneatque
976 4302 1185 4371 humidiores
1212 4325 1288 4370 om-

18 4417 21 4470 t
143 4403 219 4472 rrirro
247 4403 505 4496 frigidioresque
537 4415 646 4476 terrae
677 4407 818 4500 plagas,
859 4429 930 4497 quo
963 4407 1073 4498 magis
1099 4406 1288 4498 appropin-
