2966 4990
586 425 685 492 DAP.
706 427 759 492 66,
779 430 832 492 oo.
1210 431 1273 493 lll

128 596 251 666 Talem
273 607 385 669 autem
405 599 505 670 luisse
520 601 799 694 igneaensturae
819 595 854 666 in
869 594 1032 688 Diogenis
1051 593 1274 686 philosophia

127 701 291 791 originem
322 712 357 770 et
386 704 633 788 conditionem,
674 709 835 792 apparet,
875 721 939 767 nee
964 698 1065 766 video
1101 699 1272 786 equidem,

124 803 208 890 quid
228 805 263 870 in
287 823 328 872 ea
347 827 386 872 re
410 806 590 876 obscurum
618 804 668 874 sit.
721 804 793 874 Sed
820 802 955 870 fuerunt
972 795 1022 891 ¹),
1055 800 1132 887 qui,
1166 825 1271 889 quum

124 927 240 972 omnes
254 905 413 996 physicos
429 908 463 974 in
478 931 520 977 eo
533 907 720 979 consentire
733 906 898 988 viderent,
923 902 1016 992 quod
1030 901 1146 992 ignem
1161 905 1271 970 omni-

123 1029 182 1074 um
202 1029 313 1074 rerum
336 1009 580 1080 subtilissimam
598 1010 782 1096 habereut,
809 1031 852 1074 au
875 1006 967 1074 idem
987 1004 1134 1096 Diogeni
1156 1004 1271 1076 dicere

122 1106 279 1190 licuisset,
298 1110 498 1198 dubitarent,
517 1111 691 1202 siquidem
708 1110 791 1178 ae'ris
804 1109 863 1177 ille
876 1117 1028 1178 naturam
1043 1107 1269 1186 tenuissimam

122 1231 194 1279 esse
214 1210 406 1283 affirmaret.
459 1215 530 1285 Sed
546 1212 756 1304 quantumvis
772 1211 860 1281 haee
877 1213 962 1280 inter
985 1233 1020 1279 se
1043 1232 1198 1301 pugnare
1218 1211 1268 1278 vi·

121 1312 261 1397 dentur,
301 1337 340 1382 re
364 1324 476 1383 tamen
504 1316 688 1388 accuratius
716 1315 945 1398 considerata,
971 1312 1077 1381 omnis
1100 1314 1267 1390 evanescit

119 1415 354 1483 controversia.
405 1419 516 1486 Nemo
537 1421 627 1487 eninr
647 1441 795 1505 unquam
814 1416 1034 1497 inficiabitur,
1060 1415 1118 1502 qui
1134 1415 1266 1504 Dioge-

8 1529 9 1536 ’
118 1517 168 1584 nis
187 1517 373 1588 doctrinam
388 1522 528 1604 noverit,
554 1521 680 1612 pariter
698 1520 810 1608 ipsum
827 1541 867 1586 ao
881 1517 1029 1605 reliquos
1044 1537 1158 1582 onmes
1172 1516 1264 1604 phy-

117 1618 270 1709 siologos
291 1620 407 1710 ignem
429 1641 495 1711 pro
518 1621 731 1690 subtilissima
749 1619 908 1687 habuisse
931 1627 1064 1687 natura:
1091 1641 1192 1707 quam
1210 1630 1263 1686 ta-

117 1742 197 1787 men
213 1741 290 1788 cum
306 1721 418 1811 primo
434 1729 511 1791 aire
531 1745 710 1812 rerumque
724 1721 892 1812 principio
917 1721 1108 1811 comparari
1125 1720 1262 1788 omnino

116 1821 211 1890 nefas
235 1830 294 1889 est.
345 1823 456 1894 Decet
481 1827 571 1893 enim
600 1848 664 1917 per
695 1847 732 1892 se
762 1834 916 1913 spectare
942 1822 1108 1914 Diogenis
1137 1828 1261 1908 adrem,

115 1945 220 2011 quum
246 1933 380 2014 praeter
404 1927 514 2015 ipsum
540 1927 581 1994 sit
605 1926 708 1994 nihil:
734 1927 878 2014 quodsi
904 1926 960 2009 tit,
987 1945 1098 2014 aequo
1123 1925 1194 1992 iure
1209 1934 1261 1993 te-

114 2026 305 2094 nuissimum
332 2027 400 2098 dici
424 2038 539 2120 potest
557 2039 590 2098 et
613 2028 851 2100 densissimum.
904 2028 1019 2112 Quare
1044 2027 1103 2095 ubi
1127 2026 1261 2118 Dioge·

113 2151 173 2196 nes
199 2135 310 2197 adrem
336 2130 560 2200 tenuissimum
587 2155 658 2200 esse
682 2131 775 2215 dicit,
801 2130 1046 2198 aeserniam
1072 2129 1184 2218 aliqua
1206 2139 1260 2202 ter
1386 2154 1388 2162 ·

112 2253 174 2297 nus
200 2233 364 2300 immutati
388 2243 485 2325 purte
511 2235 675 2322 loquitur,
714 2255 818 2321 quam
843 2232 938 2300 elteri
964 2232 1144 2320 eidemque
1174 2231 1259 2301 den-

111 2331 191 2399 siori
220 2335 386 2414 conferat3
425 2345 462 2403 ut
496 2359 599 2426 supra
633 2335 732 2405 etiam
759 2335 1021 2403 demonstratum
1047 2343 1114 2416 ert,
1148 2333 1258 2400 solum

111 2433 310 2504 calidiorem
343 2443 455 2506 aeirem
488 2439 533 2505 ab
562 2440 638 2528 ipso
671 2437 883 2525 appellatum
917 2456 987 2500 esse
1019 2432 1257 2502 tenuissimum.

109 2537 202 2628 Ignis
225 2538 329 2627 igitur
353 2538 502 2630 Diogeni
527 2538 611 2604 nihil
641 2544 713 2605 erat
738 2535 848 2626 aliud,
887 2556 990 2623 quam
1022 2534 1253 2604 subtilissimus

109 2648 143 2706 et
168 2639 388 2708 calidissimus
413 2647 480 2707 air.

211 2739 297 2830 Cap.
323 2738 385 2807 oo.
419 2741 550 2825 Quibus
573 2741 621 2809 ita
647 2740 803 2831 expositis
829 2737 990 2809 effectum
1017 2761 1086 2807 esse
1110 2738 1254 2824 videtur,

109 2862 151 2908 ex
183 2846 261 2910 aire
294 2842 440 2932 primum
473 2853 568 2911 moto
601 2844 776 2932 variasque
801 2843 834 2910 in
860 2866 930 2911 sese
963 2841 1139 2932 qualitates
1164 2842 1253 2911 reci-

105 2942 221 3033 piente
245 2943 337 3012 facta
362 2967 434 3013 esse
458 2945 622 3036 simplicia
646 2947 815 3035 quaedam
844 2967 1000 3035 corpora.
1051 2945 1173 3033 Neque
1198 2952 1252 3013 tu-

105 3065 183 3110 men
219 3043 308 3114 haec
350 3047 515 3140 simplicia
548 3070 695 3138 corpora
725 3048 853 3131 statim,
904 3048 964 3115 ubi
996 3055 1112 3115 exorta
1145 3056 1249 3136 eraut,

105 3145 204 3212 certis
233 3148 345 3238 spatiis
385 3150 471 3219 inter
500 3173 536 3218 se
567 3151 721 3221 distincta
754 3173 796 3220 ac
835 3160 1000 3240 separata:
1027 3148 1128 3216 fuisse
1168 3171 1249 3218 ceu-

103 3247 245 3314 semlum
281 3258 348 3334 est,
393 3252 455 3320 sed
495 3252 591 3318 nullo
633 3253 752 3320 ordine
785 3251 953 3338 nullisque
986 3249 1132 3318 delinitis
1163 3249 1249 3318 locis

103 3347 244 3417 disiecta
274 3349 333 3419 hic
365 3351 437 3422 illio
469 3353 662 3442 promiscue
696 3353 899 3420 ferebantur.
950 3351 1079 3419 Verum
1118 3344 1248 3444 νόησις,

101 3471 169 3518 una
194 3472 272 3519 curn
297 3453 432 3541 reliquis
447 3464 599 3537 exorta,
626 3454 788 3524 simulac
812 3454 904 3523 facta
928 3460 1018 3537 erat,
1054 3451 1122 3520 vim
1154 3473 1247 3521 suam

102 3553 272 3641 explicare
298 3557 429 3646 coepit:
454 3557 680 3645 quiescentem
713 3557 802 3624 enim
836 3548 962 3650 νόησιν
995 3562 1028 3622 et
1053 3551 1146 3642 quasi
1171 3561 1250 3622 tor·

86 3664 237 3743 “pentem
262 3664 416 3746 statuere,
441 3658 496 3726 vix
521 3670 634 3728 rectae
658 3658 779 3726 rationi
805 3664 1064 3725 cousentaneum
1089 3656 1252 3726 minimo·¹
1296 3677 1300 3682 ·

99 3777 167 3842 que
193 3756 391 3850 physiologi
416 3783 488 3829 esse
512 3760 654 3829 videtur.
706 3762 812 3849 Atqui
837 3781 944 3849 quum
969 3759 1072 3826 ea-sit
1092 3752 1246 3855 νοήσεως

97 3865 234 3940 natura,
269 3867 306 3926 ut
331 3883 533 3950 quecunque
566 3863 733 3953 pertineat
756 3864 791 3932 in
817 3860 1036 3951 omnibusque
1062 3861 1155 3929 insite
1188 3860 1244 3927 vix

98 3966 214 4026 exorta
247 3959 292 4026 ad
318 3963 448 4050 reliqua
482 3964 594 4032 omnia
629 3965 794 4053 simplicia
826 3985 990 4054 corpora,
1029 3969 1067 4030 ut
1092 3959 1244 4050 quidque

96 4082 216 4129 eorum
241 4061 360 4153 fiebat,
395 4067 553 4156 accessit,
589 4067 625 4134 io
656 4066 764 4156 iisque
794 4066 974 4158 imperium
1005 4085 1102 4148 suum
1128 4062 1243 4155 coepit

163 4361 195 4428 1)
212 4360 300 4418 liitter
315 4361 370 4416 loa.
386 4359 457 4416 Phil.
474 4377 502 4432 ιι.
518 4357 562 4418 bb.
597 4363 682 4436 Bouto
698 4362 768 4421 Diot.
787 4381 809 4422 ι.
826 4381 853 4420 r.
869 4365 949 4438 Diog.
