2942 4996
597 411 700 482 DAP.
718 417 751 484 8.
770 419 803 482 9.
1229 421 1279 488 11ε

129 584 223 671 Quid
246 607 328 656 vero
348 585 412 673 sit,
437 584 575 677 quoda
600 587 782 681 Leucippo
804 605 944 677 quoque
965 585 1075 656 multa
1102 588 1282 682 Diogenes·

127 688 279 758 sumsisse
300 711 321 757 a
345 689 525 781 Simplicio
548 691 697 780 dicatur,
722 712 894 782 erponem
914 687 1015 760 huius
1036 689 1108 762 loci
1125 713 1195 762 noo
1211 701 1279 776 ests

127 791 188 860 red
198 790 285 860 inira
301 790 347 862 de
360 791 429 864 liae
441 817 478 863 re
489 803 619 887 agetur.

231 909 318 1002 Cap.
345 907 380 978 9.
431 913 568 1001 Restat,
595 919 632 982 ut
656 912 702 980 de
729 910 944 981 Antisthenis
968 911 1168 980 auctoritate
1187 909 1280 980 iudi-

128 1011 216 1081 ciom
242 1013 386 1102 feratur,
417 1015 493 1105 qui,
526 1025 689 1107 utsupra
714 1021 1017 1084 commemoratum
1043 1025 1109 1100 est,
1143 1013 1279 1107 Dioge-

126 1137 206 1183 nem
229 1117 443 1185 Anaximeuis
467 1137 565 1187 usum
589 1118 690 1186 fuisse
715 1117 910 1209 disciplina,
949 1117 1132 1185 memoriae
1157 1115 1283 1208 prodi·v

128 1217 203 1285 dit·
240 1216 309 1289 Hic
341 1220 572 1308 Antisthenes,
615 1243 717 1310 quam
750 1220 896 1290 eundem
934 1218 1072 1288 Vossius
1107 1219 1280 1312 probabili

127 1320 321 1392 coniectura
346 1321 523 1392 Rhodium
551 1333 585 1393 et
608 1323 803 1392 historicum
830 1324 931 1394 luisse
956 1332 1074 1413 putat,
1100 1325 1279 1415 scripserat

127 1417 301 1512 διαδοχιὶς
324 1424 399 1498 τῶν
426 1420 635 1520 φιλοσόφων
673 1425 765 1516 (vid.
791 1448 868 1516 cap.
894 1421 931 1492 ὅ.
957 1428 1077 1517 not),
1118 1425 1164 1492 ad
1195 1447 1279 1514 quas

127 1547 231 1612 quum
246 1527 379 1617 saepius
392 1538 559 1618 provocet
578 1529 751 1620 Diogenes
776 1527 939 1611 Laertius,
964 1527 1035 1596 hoc
1054 1526 1157 1612 idem,
1183 1524 1279 1614 quud

127 1626 173 1695 de
205 1626 362 1719 Diogene
387 1631 609 1720 Apolloniate
633 1631 735 1715 dicit,
779 1653 821 1699 ex
854 1631 978 1700 eodem
1012 1629 1101 1697 libro
1135 1628 1278 1719 petitum

127 1751 211 1809 esse,
231 1729 423 1801 admodum
449 1733 627 1801 verisimile
653 1743 711 1802 est
762 1731 833 1800 Sed
860 1753 990 1820 uereor,
1015 1730 1152 1819 nequis
1177 1728 1281 1800 huius

125 1829 233 1921 ipsius
258 1831 308 1898 rei
331 1831 540 1921 praeiudicio
565 1834 610 1901 de
636 1832 840 1902 Antisthenis
871 1832 941 1900 lide
967 1832 1117 1918 dubitat,
1157 1840 1210 1918 et,
1250 1831 1280 1900 si

126 1931 311 2002 dicendum
345 1941 414 2019 est,
451 1935 546 2024 quod
573 1935 697 2024 sentio,
734 1935 802 2003 eius
832 1935 1022 2004 testimonio
1047 1956 1112 2025 per
1137 1957 1173 2003 se
1198 1955 1282 2025 rpe-·

126 2041 220 2104 etato
254 2045 399 2126 propter
431 2036 522 2108 hanc
555 2040 663 2130 ipsam
698 2059 833 2107 causam
865 2060 934 2106 noo
967 2039 1109 2106 multum
1135 2059 1192 2105 me
1215 2038 1279 2106 tri·

125 2138 231 2205 boare
256 2137 387 2223 fatam,
417 2163 539 2229 quum,
574 2149 612 2210 ut
636 2140 694 2208 alii
719 2141 922 2210 Parmenide
946 2135 1064 2209 addito
1089 2140 1210 2209 seriem
1233 2137 1279 2206 il-

125 2240 195 2308 lam
222 2243 382 2332 supplere
407 2244 603 2330 voluerunt,
634 2243 680 2313 ita
705 2241 921 2313 Antisthenes
945 2243 1104 2336 Diogene
1129 2243 1281 2333 Apollo-

126 2342 216 2410 niate
249 2343 333 2413 inter
358 2346 600 2416 Anaximenem
634 2356 668 2417 et
693 2348 932 2439 Anaxagoram
961 2346 1159 2436 interposito
1185 2345 1279 2414 idem

127 2444 190 2512 sibi
215 2444 369 2516 effecisse
394 2449 499 2516 videri
525 2457 657 2540 posset,
698 2449 803 2538 idque
828 2472 870 2517 eo
897 2448 1025 2515 maiore
1051 2448 1163 2535 aliqua
1189 2446 1281 2513 veri·-

127 2546 203 2614 tatis
224 2551 357 2637 specie,
394 2572 498 2638 quum
532 2561 624 2618 lanta
659 2561 744 2619 esset
769 2553 854 2618 inter
886 2549 1100 2619 Anaximenis
1134 2557 1168 2614 et
1193 2548 1280 2617 Diu·

126 2649 223 2740 genis
249 2651 412 2743 dogmata
437 2653 639 2737 similitudo,
671 2659 710 2720 ut
736 2653 784 2739 ei,
816 2652 874 2740 qui
899 2651 1085 2720 accuratius
1109 2650 1281 2738 utriusque

127 2751 315 2821 doctrinam
341 2756 544 2843 perscrutari
571 2763 605 2822 et
630 2753 762 2844 penitus
785 2753 986 2844 investigare
1010 2753 1218 2844 negligeret,
1243 2753 1280 2820 iu

125 2854 341 2922 Anaximenis
365 2863 494 2922 tantum
518 2856 651 2946 placitis
681 2855 816 2924 uberius
850 2854 1056 2946 exponendis
1088 2856 1279 2924 elaborasse

127 2964 243 3045 posset
267 2955 373 3023 sideri
397 2955 580 3049 Diogenes.
631 2959 678 3027 Et
704 2958 830 3046 siquis
855 2959 967 3048 dicat,
994 2980 1037 3026 ex
1065 2957 1135 3028 hoc
1161 2978 1279 3026 eorum

128 3078 292 3128 consensu
319 3081 480 3150 magnum
503 3062 573 3152 peti
594 3083 693 3152 posse
716 3071 969 3153 argumentum,
996 3082 1065 3150 quo
1085 3061 1278 3152 Diogenem

125 3158 341 3230 Anaximenis
367 3162 542 3254 disciplina
568 3187 663 3234 usum
689 3164 1046 3234 esse'demonstretur:
1073 3163 1190 3231 litteris
1218 3163 1279 3230 ille

126 3262 385 3354 philosophiam
411 3289 504 3334 suam
531 3268 804 3358 consignaverat,
846 3267 937 3333 unde
965 3266 1153 3357 Diogenes,
1189 3287 1279 3352 quae

127 3365 260 3455 utrique
286 3369 479 3437 communia
505 3377 632 3450 essent,
656 3368 791 3434 haurire
817 3369 928 3456 potuit
954 3369 1076 3437 omnia.
1128 3367 1206 3450 Qua
1233 3365 1280 3434 de

127 3489 230 3538 causa
263 3467 333 3538 hoc
366 3491 504 3558 ‹puoque
530 3468 733 3538 Antisthenis
764 3470 989 3536 testimonium
1025 3469 1070 3534 ita
1097 3489 1279 3558 compara·

126 3577 198 3638 tum
229 3594 302 3640 esse
324 3584 497 3663 apparet,
537 3582 575 3643 ut
609 3594 650 3642 eo
683 3572 767 3640 nibil
801 3572 884 3643 certi
910 3570 955 3640 de
979 3571 1144 3663 Diogenis
1169 3579 1279 3642 aetate

125 3671 218 3742 ellici
240 3675 405 3745 videatur.

128 3851 339 3867 Μ

129 3942 325 4011 philosophiam
340 3948 426 4016 ipsam
443 3945 588 3999 demetere
604 3943 774 4001 conabantur.
791 3960 819 4011 p.
835 3941 863 4000 i.
876 3961 901 3998 a.
920 3938 955 3998 ori
973 3938 1027 4012 χρὴ
1045 3938 1076 3996 di
1092 3935 1160 4000 rode
1175 3931 1279 3991 rosari-

129 4030 182 4080 της
199 4008 356 4078 ἀκούοντας
373 4018 516 4086 διαφορᾶς
531 4015 654 4081 νομίζειν
675 4009 882 4081 lamentariae
908 4010 980 4068 εἶναι
997 4009 1101 4070 ταύτας
1117 4009 1174 4062 sair
1193 4010 1279 4093 ‹pato-

131 4079 338 4150 σοφησάντων,
366 4081 434 4148 derso
452 4082 524 4147 reale
540 4089 602 4145 ταῖς
618 4082 771 4151 ἱστορικαῖς
786 4081 887 4150 μόναις
904 4079 1081 4152 ἀναγραφαῖς
1098 4074 1279 4145 isernoros-

128 4169 190 4217 τις,
218 4149 266 4208 arai
287 4149 376 4220 undis
392 4157 449 4207 ania
466 4154 620 4224 layoplvue
644 4151 782 4216 συνιέντες
802 4149 947 4220 ὀνειδίζειν
971 4147 1169 4230 ἐπιχειρήσῃ.
1187 4145 1279 4231 auitos

129 4222 246 4289 μυρίαις
262 4223 407 4291 eziconem
424 4219 506 4278 adrui
521 4221 743 4292 ιιαιεσχισμέασι.
762 4218 798 4279 od
815 4223 879 4291 asel
896 4221 946 4285 scic
963 4216 1083 4286 φυσικὰς
1099 4233 1194 4282 (ΨΜ,
1212 4233 1277 4268 ²⁰¹³·

129 4308 187 4416 ἱτισιν
212 4285 265 4361 γὰρ
298 4287 366 4348 criti
391 4287 461 4361 ὄναρ
484 4290 650 4361 ἐπαΐουσιν,
675 4289 746 4350 cilici
775 4291 841 4364 aspi
862 4286 913 4362 ιῆν
936 4287 1103 4355 καθαίρεσιν
1124 4286 1175 4356 adt
1195 4285 1277 4350 &titt

149 4364 267 4432 νιςοκῆι
282 4369 333 4421 eet.
